<?xml version="1.0" encoding="UTF-8"?>
<!DOCTYPE html PUBLIC "-//W3C//DTD XHTML 1.0 Transitional//EN"
    "http://www.w3.org/TR/xhtml1/DTD/xhtml1-transitional.dtd">
<html xmlns="http://www.w3.org/1999/xhtml" xml:lang="en" lang="en">
 <head>
  <title>
</title>
<meta http-equiv="Content-Type" content="text/html;charset=utf-8" />
  <meta name='ocr-system' content='tesseract 3.04.00' />
  <meta name='ocr-capabilities' content='ocr_page ocr_carea ocr_par ocr_line ocrx_word'/>
</head>
<body>
  <div class='ocr_page' id='page_1' title='image "./terencephormioh00teregoog_0039.png"; bbox 0 0 3209 4109; ppageno 0'>
   <div class='ocr_carea' id='block_1_1' title="bbox 449 276 2965 344">
    <p class='ocr_par' dir='ltr' id='par_1_1' title="bbox 449 276 2965 344">
     <span class='ocr_line' id='line_1_1' title="bbox 449 276 2965 344; baseline 0.001 -19"><span class='ocrx_word' id='word_1_1' title='bbox 449 277 674 344; x_wconf 82' lang='lat' dir='ltr'>iv.1.16.]</span> <span class='ocrx_word' id='word_1_2' title='bbox 1528 276 1890 327; x_wconf 80' lang='lat' dir='ltr'><em>PHORMIO.</em></span> <span class='ocrx_word' id='word_1_3' title='bbox 2899 279 2965 328; x_wconf 85' lang='lat'>3⁷</span> 
     </span>
    </p>
   </div>
   <div class='ocr_carea' id='block_1_2' title="bbox 1545 836 1869 1067">
    <p class='ocr_par' dir='ltr' id='par_1_2' title="bbox 1545 836 1869 1067">
     <span class='ocr_line' id='line_1_2' title="bbox 1545 836 1869 897; baseline -0.006 0"><span class='ocrx_word' id='word_1_4' title='bbox 1545 836 1711 897; x_wconf 91' lang='lat' dir='ltr'>ACT</span> <span class='ocrx_word' id='word_1_5' title='bbox 1765 836 1869 895; x_wconf 88' lang='lat' dir='ltr'>IV.</span> 
     </span>
     <span class='ocr_line' id='line_1_3' title="bbox 1556 1008 1853 1067; baseline -0.01 0"><span class='ocrx_word' id='word_1_6' title='bbox 1556 1008 1754 1067; x_wconf 78' lang='lat' dir='ltr'>SCENE</span> <span class='ocrx_word' id='word_1_7' title='bbox 1802 1026 1826 1064; x_wconf 93' lang='lat'>1</span> <span class='ocrx_word' id='word_1_8' title='bbox 1839 1050 1853 1065; x_wconf 93' lang='lat'><strong>.</strong></span> 
     </span>
    </p>
   </div>
   <div class='ocr_carea' id='block_1_3' title="bbox 447 1149 2960 1220">
    <p class='ocr_par' dir='ltr' id='par_1_3' title="bbox 447 1149 2960 1220">
     <span class='ocr_line' id='line_1_4' title="bbox 447 1149 2960 1220; baseline 0 -19"><span class='ocrx_word' id='word_1_9' title='bbox 447 1152 710 1201; x_wconf 74' lang='lat' dir='ltr'>CHREMES</span> <span class='ocrx_word' id='word_1_10' title='bbox 742 1152 926 1202; x_wconf 83' lang='lat' dir='ltr'>arrives</span> <span class='ocrx_word' id='word_1_11' title='bbox 957 1152 1125 1213; x_wconf 86' lang='lat' dir='ltr'>home,</span> <span class='ocrx_word' id='word_1_12' title='bbox 1149 1155 1252 1206; x_wconf 85' lang='lat' dir='ltr'>and</span> <span class='ocrx_word' id='word_1_13' title='bbox 1286 1154 1509 1220; x_wconf 79' lang='lat' dir='ltr'>explains</span> <span class='ocrx_word' id='word_1_14' title='bbox 1541 1160 1594 1204; x_wconf 94' lang='lat' dir='ltr'>to</span> <span class='ocrx_word' id='word_1_15' title='bbox 1628 1155 1707 1204; x_wconf 91' lang='lat' dir='ltr'>his</span> <span class='ocrx_word' id='word_1_16' title='bbox 1740 1154 1945 1203; x_wconf 78' lang='lat' dir='ltr'>brother</span> <span class='ocrx_word' id='word_1_17' title='bbox 1967 1151 2076 1202; x_wconf 87' lang='lat' dir='ltr'>that</span> <span class='ocrx_word' id='word_1_18' title='bbox 2108 1151 2188 1201; x_wconf 87' lang='lat' dir='ltr'>his</span> <span class='ocrx_word' id='word_1_19' title='bbox 2220 1151 2412 1202; x_wconf 87' lang='lat' dir='ltr'>second</span> <span class='ocrx_word' id='word_1_20' title='bbox 2432 1149 2564 1211; x_wconf 82' lang='lat' dir='ltr'>wife,</span> <span class='ocrx_word' id='word_1_21' title='bbox 2587 1150 2818 1214; x_wconf 84' lang='lat' dir='ltr'><strong>together</strong></span> <span class='ocrx_word' id='word_1_22' title='bbox 2839 1152 2960 1201; x_wconf 80' lang='lat' dir='ltr'>with</span> 
     </span>
    </p>
   </div>
   <div class='ocr_carea' id='block_1_4' title="bbox 528 1233 2961 1718">
    <p class='ocr_par' dir='ltr' id='par_1_4' title="bbox 528 1233 2961 1718">
     <span class='ocr_line' id='line_1_5' title="bbox 529 1233 2960 1299; baseline 0 -15"><span class='ocrx_word' id='word_1_23' title='bbox 529 1235 621 1285; x_wconf 89' lang='lat' dir='ltr'>her</span> <span class='ocrx_word' id='word_1_24' title='bbox 655 1236 901 1299; x_wconf 84' lang='lat' dir='ltr'><strong>daughter</strong></span> <span class='ocrx_word' id='word_1_25' title='bbox 934 1237 1036 1286; x_wconf 88' lang='lat' dir='ltr'>and</span> <span class='ocrx_word' id='word_1_26' title='bbox 1070 1237 1161 1286; x_wconf 87' lang='lat' dir='ltr'>her</span> <span class='ocrx_word' id='word_1_27' title='bbox 1195 1253 1358 1298; x_wconf 89' lang='lat' dir='ltr'>nurse,</span> <span class='ocrx_word' id='word_1_28' title='bbox 1380 1238 1470 1287; x_wconf 86' lang='lat' dir='ltr'>left</span> <span class='ocrx_word' id='word_1_29' title='bbox 1506 1239 1727 1287; x_wconf 85' lang='lat' dir='ltr'>Lemnos</span> <span class='ocrx_word' id='word_1_30' title='bbox 1760 1237 1933 1286; x_wconf 86' lang='lat' dir='ltr'>before</span> <span class='ocrx_word' id='word_1_31' title='bbox 1967 1236 2045 1285; x_wconf 91' lang='lat' dir='ltr'>his</span> <span class='ocrx_word' id='word_1_32' title='bbox 2080 1234 2275 1294; x_wconf 87' lang='lat' dir='ltr'>arrival,</span> <span class='ocrx_word' id='word_1_33' title='bbox 2298 1234 2402 1283; x_wconf 91' lang='lat' dir='ltr'>and</span> <span class='ocrx_word' id='word_1_34' title='bbox 2434 1234 2543 1283; x_wconf 91' lang='lat' dir='ltr'>that</span> <span class='ocrx_word' id='word_1_35' title='bbox 2579 1233 2696 1297; x_wconf 88' lang='lat' dir='ltr'><strong>they</strong></span> <span class='ocrx_word' id='word_1_36' title='bbox 2727 1249 2811 1283; x_wconf 90' lang='lat' dir='ltr'>are</span> <span class='ocrx_word' id='word_1_37' title='bbox 2846 1250 2960 1284; x_wconf 85' lang='lat' dir='ltr'>now</span> 
     </span>
     <span class='ocr_line' id='line_1_6' title="bbox 528 1315 2961 1382; baseline 0 -15"><span class='ocrx_word' id='word_1_38' title='bbox 528 1318 584 1367; x_wconf 86' lang='lat' dir='ltr'>in</span> <span class='ocrx_word' id='word_1_39' title='bbox 615 1318 828 1368; x_wconf 75' lang='lat' dir='ltr'>Athens,</span> <span class='ocrx_word' id='word_1_40' title='bbox 897 1319 983 1368; x_wconf 90' lang='lat' dir='ltr'>He</span> <span class='ocrx_word' id='word_1_41' title='bbox 1018 1319 1110 1368; x_wconf 90' lang='lat' dir='ltr'>has</span> <span class='ocrx_word' id='word_1_42' title='bbox 1142 1320 1301 1371; x_wconf 86' lang='lat' dir='ltr'>heard</span> <span class='ocrx_word' id='word_1_43' title='bbox 1333 1321 1393 1370; x_wconf 86' lang='lat' dir='ltr'>of</span> <span class='ocrx_word' id='word_1_44' title='bbox 1419 1322 1717 1369; x_wconf 72' lang='lat' dir='ltr'>ANTn’Ho’s</span> <span class='ocrx_word' id='word_1_45' title='bbox 1750 1319 2012 1382; x_wconf 85' lang='lat' dir='ltr'>marriage,</span> <span class='ocrx_word' id='word_1_46' title='bbox 2035 1319 2137 1367; x_wconf 92' lang='lat' dir='ltr'>and</span> <span class='ocrx_word' id='word_1_47' title='bbox 2170 1332 2425 1382; x_wconf 84' lang='lat' dir='ltr'>expresses</span> <span class='ocrx_word' id='word_1_48' title='bbox 2458 1322 2512 1365; x_wconf 95' lang='lat' dir='ltr'>to</span> <span class='ocrx_word' id='word_1_49' title='bbox 2545 1315 2625 1365; x_wconf 92' lang='lat' dir='ltr'>his</span> <span class='ocrx_word' id='word_1_50' title='bbox 2655 1316 2859 1367; x_wconf 88' lang='lat' dir='ltr'>brother</span> <span class='ocrx_word' id='word_1_51' title='bbox 2881 1319 2961 1368; x_wconf 88' lang='lat' dir='ltr'>his</span> 
     </span>
     <span class='ocr_line' id='line_1_7' title="bbox 528 1401 2961 1468; baseline 0.001 -17"><span class='ocrx_word' id='word_1_52' title='bbox 528 1410 694 1467; x_wconf 88' lang='lat' dir='ltr'>regret</span> <span class='ocrx_word' id='word_1_53' title='bbox 717 1409 769 1452; x_wconf 89' lang='lat' dir='ltr'>at</span> <span class='ocrx_word' id='word_1_54' title='bbox 786 1401 872 1452; x_wconf 87' lang='lat' dir='ltr'>the</span> <span class='ocrx_word' id='word_1_55' title='bbox 891 1402 1064 1452; x_wconf 83' lang='lat' dir='ltr'>failure</span> <span class='ocrx_word' id='word_1_56' title='bbox 1082 1402 1142 1452; x_wconf 84' lang='lat' dir='ltr'>of</span> <span class='ocrx_word' id='word_1_57' title='bbox 1157 1403 1289 1452; x_wconf 90' lang='lat' dir='ltr'>their</span> <span class='ocrx_word' id='word_1_58' title='bbox 1306 1403 1518 1467; x_wconf 87' lang='lat' dir='ltr'>original</span> <span class='ocrx_word' id='word_1_59' title='bbox 1535 1403 1672 1468; x_wconf 90' lang='lat' dir='ltr'>plan,</span> <span class='ocrx_word' id='word_1_60' title='bbox 1690 1403 1829 1453; x_wconf 87' lang='lat' dir='ltr'>since</span> <span class='ocrx_word' id='word_1_61' title='bbox 1848 1408 1962 1451; x_wconf 77' lang='lat' dir='ltr'>now</span> <span class='ocrx_word' id='word_1_62' title='bbox 1979 1401 2045 1450; x_wconf 92' lang='lat' dir='ltr'>he</span> <span class='ocrx_word' id='word_1_63' title='bbox 2062 1407 2194 1450; x_wconf 91' lang='lat' dir='ltr'>must</span> <span class='ocrx_word' id='word_1_64' title='bbox 2212 1417 2373 1465; x_wconf 84' lang='lat' dir='ltr'>marry</span> <span class='ocrx_word' id='word_1_65' title='bbox 2390 1402 2470 1451; x_wconf 90' lang='lat' dir='ltr'>his</span> <span class='ocrx_word' id='word_1_66' title='bbox 2493 1404 2961 1467; x_wconf 84' lang='lat' dir='ltr'>unacknowledged</span> 
     </span>
     <span class='ocr_line' id='line_1_8' title="bbox 530 1487 2960 1551; baseline 0.001 -14"><span class='ocrx_word' id='word_1_67' title='bbox 530 1487 776 1551; x_wconf 86' lang='lat' dir='ltr'>daughter</span> <span class='ocrx_word' id='word_1_68' title='bbox 809 1493 863 1537; x_wconf 95' lang='lat' dir='ltr'>to</span> <span class='ocrx_word' id='word_1_69' title='bbox 901 1503 1042 1538; x_wconf 87' lang='lat' dir='ltr'>some</span> <span class='ocrx_word' id='word_1_70' title='bbox 1081 1493 1322 1551; x_wconf 88' lang='lat' dir='ltr'>stranger‚</span> <span class='ocrx_word' id='word_1_71' title='bbox 1356 1487 1471 1537; x_wconf 86' lang='lat' dir='ltr'>who</span> <span class='ocrx_word' id='word_1_72' title='bbox 1505 1487 1606 1536; x_wconf 85' lang='lat' dir='ltr'>will</span> <span class='ocrx_word' id='word_1_73' title='bbox 1646 1492 1736 1536; x_wconf 90' lang='lat' dir='ltr'>not</span> <span class='ocrx_word' id='word_1_74' title='bbox 1775 1487 1904 1537; x_wconf 89' lang='lat' dir='ltr'>have</span> <span class='ocrx_word' id='word_1_75' title='bbox 1944 1487 2030 1536; x_wconf 91' lang='lat' dir='ltr'>the</span> <span class='ocrx_word' id='word_1_76' title='bbox 2068 1502 2207 1535; x_wconf 89' lang='lat' dir='ltr'>same</span> <span class='ocrx_word' id='word_1_77' title='bbox 2248 1489 2455 1539; x_wconf 89' lang='lat' dir='ltr'>interest</span> <span class='ocrx_word' id='word_1_78' title='bbox 2492 1490 2755 1539; x_wconf 79' lang='lat' dir='ltr'><strong>DEMIPHO</strong></span> <span class='ocrx_word' id='word_1_79' title='bbox 2792 1489 2960 1539; x_wconf 88' lang='lat' dir='ltr'>would</span> 
     </span>
     <span class='ocr_line' id='line_1_9' title="bbox 530 1569 2960 1635; baseline 0 -17"><span class='ocrx_word' id='word_1_80' title='bbox 530 1569 657 1619; x_wconf 84' lang='lat' dir='ltr'>have</span> <span class='ocrx_word' id='word_1_81' title='bbox 680 1570 783 1620; x_wconf 91' lang='lat' dir='ltr'>had</span> <span class='ocrx_word' id='word_1_82' title='bbox 806 1570 858 1619; x_wconf 91' lang='lat' dir='ltr'>in</span> <span class='ocrx_word' id='word_1_83' title='bbox 891 1570 1116 1635; x_wconf 89' lang='lat' dir='ltr'>keeping</span> <span class='ocrx_word' id='word_1_84' title='bbox 1138 1571 1228 1619; x_wconf 89' lang='lat' dir='ltr'>her</span> <span class='ocrx_word' id='word_1_85' title='bbox 1250 1570 1383 1619; x_wconf 89' lang='lat' dir='ltr'>birth</span> <span class='ocrx_word' id='word_1_86' title='bbox 1407 1586 1437 1620; x_wconf 91' lang='lat' dir='ltr'>a</span> <span class='ocrx_word' id='word_1_87' title='bbox 1459 1575 1637 1619; x_wconf 90' lang='lat' dir='ltr'>secret.</span> <span class='ocrx_word' id='word_1_88' title='bbox 1705 1570 1967 1619; x_wconf 79' lang='lat' dir='ltr'><strong>DEMIPHO</strong></span> <span class='ocrx_word' id='word_1_89' title='bbox 2001 1570 2244 1635; x_wconf 90' lang='lat' dir='ltr'>promises</span> <span class='ocrx_word' id='word_1_90' title='bbox 2280 1576 2333 1620; x_wconf 93' lang='lat' dir='ltr'>to</span> <span class='ocrx_word' id='word_1_91' title='bbox 2370 1572 2437 1621; x_wconf 90' lang='lat' dir='ltr'>do</span> <span class='ocrx_word' id='word_1_92' title='bbox 2471 1571 2549 1621; x_wconf 88' lang='lat' dir='ltr'>his</span> <span class='ocrx_word' id='word_1_93' title='bbox 2582 1572 2694 1621; x_wconf 86' lang='lat' dir='ltr'>best</span> <span class='ocrx_word' id='word_1_94' title='bbox 2727 1576 2780 1620; x_wconf 93' lang='lat' dir='ltr'>to</span> <span class='ocrx_word' id='word_1_95' title='bbox 2814 1571 2960 1635; x_wconf 86' lang='lat' dir='ltr'>bring</span> 
     </span>
     <span class='ocr_line' id='line_1_10' title="bbox 531 1652 2639 1718; baseline 0 -17"><span class='ocrx_word' id='word_1_96' title='bbox 531 1652 684 1702; x_wconf 87' lang='lat' dir='ltr'>about</span> <span class='ocrx_word' id='word_1_97' title='bbox 707 1653 793 1702; x_wconf 90' lang='lat' dir='ltr'>the</span> <span class='ocrx_word' id='word_1_98' title='bbox 815 1653 1047 1718; x_wconf 88' lang='lat' dir='ltr'>previous</span> <span class='ocrx_word' id='word_1_99' title='bbox 1068 1658 1434 1717; x_wconf 85' lang='lat' dir='ltr'>arrangement,</span> <span class='ocrx_word' id='word_1_100' title='bbox 1459 1654 1512 1701; x_wconf 90' lang='lat' dir='ltr'>in</span> <span class='ocrx_word' id='word_1_101' title='bbox 1535 1653 1667 1718; x_wconf 86' lang='lat' dir='ltr'>spite</span> <span class='ocrx_word' id='word_1_102' title='bbox 1691 1653 1750 1701; x_wconf 86' lang='lat' dir='ltr'>of</span> <span class='ocrx_word' id='word_1_103' title='bbox 1777 1652 1857 1701; x_wconf 91' lang='lat' dir='ltr'>his</span> <span class='ocrx_word' id='word_1_104' title='bbox 1878 1654 2014 1701; x_wconf 91' lang='lat' dir='ltr'>son’s</span> <span class='ocrx_word' id='word_1_105' title='bbox 2037 1653 2356 1703; x_wconf 85' lang='lat' dir='ltr'>unfortunate</span> <span class='ocrx_word' id='word_1_106' title='bbox 2379 1654 2639 1718; x_wconf 87' lang='lat' dir='ltr'>marriage.</span> 
     </span>
    </p>
   </div>
   <div class='ocr_carea' id='block_1_5' title="bbox 898 1757 2521 1854">
    <p class='ocr_par' dir='ltr' id='par_1_5' title="bbox 898 1757 2521 1854">
     <span class='ocr_line' id='line_1_11' title="bbox 898 1757 2521 1854; baseline 0.002 -26"><span class='ocrx_word' id='word_1_107' title='bbox 898 1769 1133 1854; x_wconf 66' lang='lat' dir='ltr'>[Enterj</span> <span class='ocrx_word' id='word_1_108' title='bbox 1156 1757 1446 1830; x_wconf 73' lang='lat' dir='ltr'>DEMiPHo</span> <span class='ocrx_word' id='word_1_109' title='bbox 1473 1772 1608 1829; x_wconf 86' lang='lat' dir='ltr'>and</span> <span class='ocrx_word' id='word_1_110' title='bbox 1627 1771 1923 1830; x_wconf 78' lang='lat' dir='ltr'>CHREMES</span> <span class='ocrx_word' id='word_1_111' title='bbox 1931 1768 2105 1845; x_wconf 84' lang='lat' dir='ltr'>from</span> <span class='ocrx_word' id='word_1_112' title='bbox 2132 1772 2403 1846; x_wconf 83' lang='lat' dir='ltr'>Harbor,</span> <span class='ocrx_word' id='word_1_113' title='bbox 2433 1769 2521 1851; x_wconf 87' lang='lat' dir='ltr'>L.]</span> 
     </span>
    </p>
   </div>
   <div class='ocr_carea' id='block_1_6' title="bbox 1145 1902 2272 2049">
    <p class='ocr_par' dir='ltr' id='par_1_6' title="bbox 1145 1902 2272 2049">
     <span class='ocr_line' id='line_1_12' title="bbox 1145 1902 2272 1963; baseline 0.002 -2"><span class='ocrx_word' id='word_1_114' title='bbox 1145 1904 1504 1962; x_wconf 81' lang='lat' dir='ltr'><strong>DEMIPHO</strong></span> <span class='ocrx_word' id='word_1_115' title='bbox 1907 1902 2272 1963; x_wconf 75' lang='lat' dir='ltr'>CHREMES</span> 
     </span>
     <span class='ocr_line' id='line_1_13' title="bbox 1235 2011 2115 2049; baseline 0.001 -1"><span class='ocrx_word' id='word_1_116' title='bbox 1235 2011 1397 2049; x_wconf 82' lang='lat' dir='ltr'>SENES</span> <span class='ocrx_word' id='word_1_117' title='bbox 2071 2011 2115 2049; x_wconf 91' lang='lat'>11</span> 
     </span>
    </p>
   </div>
   <div class='ocr_carea' id='block_1_7' title="bbox 447 2116 2600 2193">
    <p class='ocr_par' dir='ltr' id='par_1_7' title="bbox 447 2116 2600 2193">
     <span class='ocr_line' id='line_1_14' title="bbox 447 2116 2600 2193; baseline 0.002 -19"><span class='ocrx_word' id='word_1_118' title='bbox 447 2116 538 2174; x_wconf 93' lang='lat' dir='ltr'>IV</span> <span class='ocrx_word' id='word_1_119' title='bbox 556 2142 576 2174; x_wconf 88' lang='lat'>1</span> <span class='ocrx_word' id='word_1_120' title='bbox 621 2118 737 2175; x_wconf 83' lang='lat' dir='ltr'>DE.</span> <span class='ocrx_word' id='word_1_121' title='bbox 765 2117 970 2192; x_wconf 84' lang='lat' dir='ltr'>Quid?</span> <span class='ocrx_word' id='word_1_122' title='bbox 1009 2120 1126 2193; x_wconf 76' lang='lat' dir='ltr'>qua</span> <span class='ocrx_word' id='word_1_123' title='bbox 1153 2117 1453 2193; x_wconf 86' lang='lat' dir='ltr'>profectus</span> <span class='ocrx_word' id='word_1_124' title='bbox 1482 2119 1663 2176; x_wconf 80' lang='lat' dir='ltr'>causa</span> <span class='ocrx_word' id='word_1_125' title='bbox 1689 2116 1828 2176; x_wconf 90' lang='lat' dir='ltr'>hinc</span> <span class='ocrx_word' id='word_1_126' title='bbox 1857 2135 1920 2176; x_wconf 91' lang='lat' dir='ltr'>es</span> <span class='ocrx_word' id='word_1_127' title='bbox 1950 2117 2261 2191; x_wconf 76' lang='lat' dir='ltr'>Lemnum,</span> <span class='ocrx_word' id='word_1_128' title='bbox 2292 2117 2600 2192; x_wconf 79' lang='lat' dir='ltr'>ChremeS,</span> 
     </span>
    </p>
   </div>
   <div class='ocr_carea' id='block_1_8' title="bbox 442 3022 498 3054">
    <p class='ocr_par' dir='ltr' id='par_1_8' title="bbox 442 3022 498 3054">
     <span class='ocr_line' id='line_1_15' title="bbox 442 3022 498 3054; baseline 0.018 -1"><span class='ocrx_word' id='word_1_129' title='bbox 442 3022 498 3054; x_wconf 85' lang='lat'>10</span> 
     </span>
    </p>
   </div>
   <div class='ocr_carea' id='block_1_9' title="bbox 617 2213 2954 3658">
    <p class='ocr_par' dir='ltr' id='par_1_9' title="bbox 769 2213 2671 2291">
     <span class='ocr_line' id='line_1_16' title="bbox 769 2213 2671 2291; baseline 0.001 -18"><span class='ocrx_word' id='word_1_130' title='bbox 769 2213 1073 2274; x_wconf 81' lang='lat' dir='ltr'>Adduxtin</span> <span class='ocrx_word' id='word_1_131' title='bbox 1104 2225 1303 2274; x_wconf 91' lang='lat' dir='ltr'>tecum</span> <span class='ocrx_word' id='word_1_132' title='bbox 1332 2215 1555 2274; x_wconf 85' lang='lat' dir='ltr'>filiam?</span> <span class='ocrx_word' id='word_1_133' title='bbox 1638 2216 1756 2275; x_wconf 77' lang='lat' dir='ltr'>Cn.</span> <span class='ocrx_word' id='word_1_134' title='bbox 1800 2216 1960 2275; x_wconf 89' lang='lat' dir='ltr'>Non.</span> <span class='ocrx_word' id='word_1_135' title='bbox 2046 2217 2161 2276; x_wconf 81' lang='lat' dir='ltr'>DE.</span> <span class='ocrx_word' id='word_1_136' title='bbox 2207 2216 2369 2291; x_wconf 83' lang='lat' dir='ltr'>Quid</span> <span class='ocrx_word' id='word_1_137' title='bbox 2397 2217 2481 2275; x_wconf 87' lang='lat' dir='ltr'>ita</span> <span class='ocrx_word' id='word_1_138' title='bbox 2505 2235 2628 2277; x_wconf 90' lang='lat' dir='ltr'>non</span> <span class='ocrx_word' id='word_1_139' title='bbox 2642 2217 2671 2275; x_wconf 94' lang='lat'>?</span> 
     </span>
    </p>

    <p class='ocr_par' dir='ltr' id='par_1_10' title="bbox 624 2309 2328 2388">
     <span class='ocr_line' id='line_1_17' title="bbox 624 2309 2328 2388; baseline 0.001 -16"><span class='ocrx_word' id='word_1_140' title='bbox 624 2312 742 2372; x_wconf 81' lang='lat' dir='ltr'>CH.</span> <span class='ocrx_word' id='word_1_141' title='bbox 773 2309 1285 2388; x_wconf 79' lang='lat' dir='ltr'>Postquam&#39;uidet</span> <span class='ocrx_word' id='word_1_142' title='bbox 1312 2331 1408 2372; x_wconf 87' lang='lat' dir='ltr'>me</span> <span class='ocrx_word' id='word_1_143' title='bbox 1439 2313 1563 2372; x_wconf 87' lang='lat' dir='ltr'>eius</span> <span class='ocrx_word' id='word_1_144' title='bbox 1592 2315 1783 2371; x_wconf 74' lang='lat' dir='ltr'>mater</span> <span class='ocrx_word' id='word_1_145' title='bbox 1807 2331 1936 2372; x_wconf 90' lang='lat' dir='ltr'>esse</span> <span class='ocrx_word' id='word_1_146' title='bbox 1965 2313 2063 2372; x_wconf 91' lang='lat' dir='ltr'>hic</span> <span class='ocrx_word' id='word_1_147' title='bbox 2091 2313 2328 2387; x_wconf 82' lang='lat' dir='ltr'>diutiuS,</span> 
     </span>
    </p>

    <p class='ocr_par' dir='ltr' id='par_1_11' title="bbox 765 2410 2954 2584">
     <span class='ocr_line' id='line_1_18' title="bbox 765 2410 2954 2487; baseline 0 -18"><span class='ocrx_word' id='word_1_148' title='bbox 765 2411 949 2469; x_wconf 88' lang='lat' dir='ltr'>Simul</span> <span class='ocrx_word' id='word_1_149' title='bbox 976 2414 1177 2470; x_wconf 75' lang='lat' dir='ltr'>autem</span> <span class='ocrx_word' id='word_1_150' title='bbox 1207 2429 1327 2469; x_wconf 92' lang='lat' dir='ltr'>non</span> <span class='ocrx_word' id='word_1_151' title='bbox 1355 2412 1635 2470; x_wconf 76' lang='lat' dir='ltr'>manebat</span> <span class='ocrx_word' id='word_1_152' title='bbox 1662 2420 1825 2469; x_wconf 88' lang='lat' dir='ltr'>aetas</span> <span class='ocrx_word' id='word_1_153' title='bbox 1853 2411 2092 2487; x_wconf 87' lang='lat' dir='ltr'>uirginis</span> <span class='ocrx_word' id='word_1_154' title='bbox 2834 2410 2954 2470; x_wconf 82' lang='lat'>570</span> 
     </span>
     <span class='ocr_line' id='line_1_19' title="bbox 772 2508 2311 2584; baseline 0.002 -19"><span class='ocrx_word' id='word_1_155' title='bbox 772 2510 976 2566; x_wconf 86' lang='lat' dir='ltr'>Meam</span> <span class='ocrx_word' id='word_1_156' title='bbox 1002 2508 1471 2584; x_wconf 78' lang='lat' dir='ltr'>neclegentiam:</span> <span class='ocrx_word' id='word_1_157' title='bbox 1518 2511 1708 2584; x_wconf 83' lang='lat' dir='ltr'>ipsam</span> <span class='ocrx_word' id='word_1_158' title='bbox 1734 2526 1872 2567; x_wconf 90' lang='lat' dir='ltr'>cum</span> <span class='ocrx_word' id='word_1_159' title='bbox 1901 2510 2066 2568; x_wconf 89' lang='lat' dir='ltr'>omni</span> <span class='ocrx_word' id='word_1_160' title='bbox 2094 2508 2311 2568; x_wconf 76' lang='lat' dir='ltr'>familia</span> 
     </span>
    </p>

    <p class='ocr_par' dir='ltr' id='par_1_12' title="bbox 764 2604 2552 2682">
     <span class='ocr_line' id='line_1_20' title="bbox 764 2604 2552 2682; baseline 0.001 -18"><span class='ocrx_word' id='word_1_161' title='bbox 764 2604 862 2664; x_wconf 92' lang='lat' dir='ltr'>Ad</span> <span class='ocrx_word' id='word_1_162' title='bbox 890 2608 986 2664; x_wconf 78' lang='lat' dir='ltr'>me</span> <span class='ocrx_word' id='word_1_163' title='bbox 1016 2606 1344 2681; x_wconf 87' lang='lat' dir='ltr'>profectam</span> <span class='ocrx_word' id='word_1_164' title='bbox 1374 2624 1502 2664; x_wconf 90' lang='lat' dir='ltr'>esse</span> <span class='ocrx_word' id='word_1_165' title='bbox 1530 2607 1749 2665; x_wconf 89' lang='lat' dir='ltr'>aibant.</span> <span class='ocrx_word' id='word_1_166' title='bbox 1834 2608 1951 2666; x_wconf 74' lang='lat' dir='ltr'>DE.</span> <span class='ocrx_word' id='word_1_167' title='bbox 1995 2606 2159 2682; x_wconf 87' lang='lat' dir='ltr'>Quid</span> <span class='ocrx_word' id='word_1_168' title='bbox 2187 2607 2268 2666; x_wconf 91' lang='lat' dir='ltr'>illi</span> <span class='ocrx_word' id='word_1_169' title='bbox 2296 2609 2420 2666; x_wconf 78' lang='lat' dir='ltr'>tam</span> <span class='ocrx_word' id='word_1_170' title='bbox 2447 2605 2552 2666; x_wconf 90' lang='lat' dir='ltr'>diu</span> 
     </span>
    </p>

    <p class='ocr_par' dir='ltr' id='par_1_13' title="bbox 765 2702 2260 2780">
     <span class='ocr_line' id='line_1_21' title="bbox 765 2702 2260 2780; baseline 0.001 -19"><span class='ocrx_word' id='word_1_171' title='bbox 765 2702 1005 2777; x_wconf 85' lang='lat' dir='ltr'>Quaeso</span> <span class='ocrx_word' id='word_1_172' title='bbox 1032 2704 1205 2780; x_wconf 88' lang='lat' dir='ltr'>igitur</span> <span class='ocrx_word' id='word_1_173' title='bbox 1231 2704 1697 2777; x_wconf 76' lang='lat' dir='ltr'>commorabare,</span> <span class='ocrx_word' id='word_1_174' title='bbox 1727 2705 1830 2764; x_wconf 92' lang='lat' dir='ltr'>ubi</span> <span class='ocrx_word' id='word_1_175' title='bbox 1857 2704 1920 2764; x_wconf 93' lang='lat' dir='ltr'>id</span> <span class='ocrx_word' id='word_1_176' title='bbox 1948 2704 2217 2764; x_wconf 87' lang='lat' dir='ltr'>audieras</span> <span class='ocrx_word' id='word_1_177' title='bbox 2231 2706 2260 2763; x_wconf 90' lang='lat'>?</span> 
     </span>
    </p>

    <p class='ocr_par' dir='ltr' id='par_1_14' title="bbox 621 2800 2951 3075">
     <span class='ocr_line' id='line_1_22' title="bbox 621 2800 2795 2878; baseline 0 -18"><span class='ocrx_word' id='word_1_178' title='bbox 621 2800 735 2860; x_wconf 77' lang='lat' dir='ltr'>CH.</span> <span class='ocrx_word' id='word_1_179' title='bbox 770 2800 875 2860; x_wconf 94' lang='lat' dir='ltr'>Pol</span> <span class='ocrx_word' id='word_1_180' title='bbox 903 2803 999 2859; x_wconf 76' lang='lat' dir='ltr'>me</span> <span class='ocrx_word' id='word_1_181' title='bbox 1028 2800 1281 2860; x_wconf 89' lang='lat' dir='ltr'>detinuit</span> <span class='ocrx_word' id='word_1_182' title='bbox 1310 2802 1568 2862; x_wconf 78' lang='lat' dir='ltr'>morbus,</span> <span class='ocrx_word' id='word_1_183' title='bbox 1655 2804 1770 2862; x_wconf 73' lang='lat' dir='ltr'>DE.</span> <span class='ocrx_word' id='word_1_184' title='bbox 1798 2802 2017 2861; x_wconf 82' lang='lat' dir='ltr'>Vnde?</span> <span class='ocrx_word' id='word_1_185' title='bbox 2057 2812 2157 2861; x_wconf 90' lang='lat' dir='ltr'>aut</span> <span class='ocrx_word' id='word_1_186' title='bbox 2184 2804 2328 2878; x_wconf 91' lang='lat' dir='ltr'>qui?</span> <span class='ocrx_word' id='word_1_187' title='bbox 2406 2802 2523 2862; x_wconf 81' lang='lat' dir='ltr'>CH.</span> <span class='ocrx_word' id='word_1_188' title='bbox 2553 2803 2795 2878; x_wconf 83' lang='lat' dir='ltr'>Rogas?</span> 
     </span>
     <span class='ocr_line' id='line_1_23' title="bbox 764 2898 2951 2975; baseline -0 -17"><span class='ocrx_word' id='word_1_189' title='bbox 764 2898 1047 2958; x_wconf 75' lang='lat' dir='ltr'>Senectus</span> <span class='ocrx_word' id='word_1_190' title='bbox 1074 2899 1257 2975; x_wconf 89' lang='lat' dir='ltr'>ipsast</span> <span class='ocrx_word' id='word_1_191' title='bbox 1285 2900 1543 2960; x_wconf 78' lang='lat' dir='ltr'>morbus,</span> <span class='ocrx_word' id='word_1_192' title='bbox 1628 2901 1736 2960; x_wconf 89' lang='lat' dir='ltr'>sed</span> <span class='ocrx_word' id='word_1_193' title='bbox 1765 2904 1996 2960; x_wconf 90' lang='lat' dir='ltr'>uenisse</span> <span class='ocrx_word' id='word_1_194' title='bbox 2026 2918 2128 2959; x_wconf 88' lang='lat' dir='ltr'>eas</span> <span class='ocrx_word' id='word_1_195' title='bbox 2831 2899 2910 2958; x_wconf 81' lang='lat'>57</span> <span class='ocrx_word' id='word_1_196' title='bbox 2912 2899 2951 2957; x_wconf 90' lang='lat'>5</span> 
     </span>
     <span class='ocr_line' id='line_1_24' title="bbox 763 2996 2071 3075; baseline 0.002 -20"><span class='ocrx_word' id='word_1_197' title='bbox 763 2996 963 3056; x_wconf 76' lang='lat' dir='ltr'>Saluas</span> <span class='ocrx_word' id='word_1_198' title='bbox 990 2997 1190 3056; x_wconf 90' lang='lat' dir='ltr'>audiui</span> <span class='ocrx_word' id='word_1_199' title='bbox 1217 3016 1291 3056; x_wconf 88' lang='lat' dir='ltr'>ex</span> <span class='ocrx_word' id='word_1_200' title='bbox 1318 3001 1499 3058; x_wconf 73' lang='lat' dir='ltr'>nauta</span> <span class='ocrx_word' id='word_1_201' title='bbox 1525 2999 1629 3075; x_wconf 82' lang='lat' dir='ltr'>qui</span> <span class='ocrx_word' id='word_1_202' title='bbox 1657 2998 1781 3057; x_wconf 90' lang='lat' dir='ltr'>illas</span> <span class='ocrx_word' id='word_1_203' title='bbox 1809 3000 2071 3057; x_wconf 74' lang='lat' dir='ltr'>nexerat.</span> 
     </span>
    </p>

    <p class='ocr_par' dir='ltr' id='par_1_15' title="bbox 620 3094 2482 3172">
     <span class='ocr_line' id='line_1_25' title="bbox 620 3094 2482 3172; baseline 0.002 -20"><span class='ocrx_word' id='word_1_204' title='bbox 620 3095 735 3153; x_wconf 80' lang='lat' dir='ltr'>DE.</span> <span class='ocrx_word' id='word_1_205' title='bbox 765 3094 928 3169; x_wconf 90' lang='lat' dir='ltr'>Quid</span> <span class='ocrx_word' id='word_1_206' title='bbox 953 3098 1135 3171; x_wconf 74' lang='lat' dir='ltr'>gnam</span> <span class='ocrx_word' id='word_1_207' title='bbox 1162 3096 1441 3172; x_wconf 86' lang='lat' dir='ltr'>obtigerit</span> <span class='ocrx_word' id='word_1_208' title='bbox 1469 3116 1565 3156; x_wconf 88' lang='lat' dir='ltr'>me</span> <span class='ocrx_word' id='word_1_209' title='bbox 1594 3097 1856 3169; x_wconf 77' lang='lat' dir='ltr'>absente,</span> <span class='ocrx_word' id='word_1_210' title='bbox 1888 3095 2121 3170; x_wconf 88' lang='lat' dir='ltr'>audisti,</span> <span class='ocrx_word' id='word_1_211' title='bbox 2151 3095 2482 3156; x_wconf 79' lang='lat' dir='ltr'>Chremes?</span> 
     </span>
    </p>

    <p class='ocr_par' dir='ltr' id='par_1_16' title="bbox 617 3191 2337 3270">
     <span class='ocr_line' id='line_1_26' title="bbox 617 3191 2337 3270; baseline 0.002 -20"><span class='ocrx_word' id='word_1_212' title='bbox 617 3191 735 3251; x_wconf 81' lang='lat' dir='ltr'>CH.</span> <span class='ocrx_word' id='word_1_213' title='bbox 765 3191 947 3267; x_wconf 91' lang='lat' dir='ltr'>Quod</span> <span class='ocrx_word' id='word_1_214' title='bbox 974 3192 1218 3270; x_wconf 87' lang='lat' dir='ltr'>quidem</span> <span class='ocrx_word' id='word_1_215' title='bbox 1247 3212 1343 3253; x_wconf 89' lang='lat' dir='ltr'>me</span> <span class='ocrx_word' id='word_1_216' title='bbox 1374 3196 1593 3253; x_wconf 88' lang='lat' dir='ltr'>factum</span> <span class='ocrx_word' id='word_1_217' title='bbox 1624 3193 1831 3254; x_wconf 82' lang='lat' dir='ltr'>consili</span> <span class='ocrx_word' id='word_1_218' title='bbox 1859 3194 2149 3253; x_wconf 80' lang='lat' dir='ltr'>incertum</span> <span class='ocrx_word' id='word_1_219' title='bbox 2179 3193 2337 3253; x_wconf 87' lang='lat' dir='ltr'>facit.</span> 
     </span>
    </p>

    <p class='ocr_par' dir='ltr' id='par_1_17' title="bbox 762 3289 2313 3367">
     <span class='ocr_line' id='line_1_27' title="bbox 762 3289 2313 3367; baseline 0.001 -19"><span class='ocrx_word' id='word_1_220' title='bbox 762 3290 920 3348; x_wconf 89' lang='lat' dir='ltr'>Nam</span> <span class='ocrx_word' id='word_1_221' title='bbox 947 3289 1102 3350; x_wconf 87' lang='lat' dir='ltr'>hanc</span> <span class='ocrx_word' id='word_1_222' title='bbox 1130 3292 1549 3352; x_wconf 80' lang='lat' dir='ltr'>condicionem</span> <span class='ocrx_word' id='word_1_223' title='bbox 1576 3296 1626 3351; x_wconf 89' lang='lat' dir='ltr'>si</span> <span class='ocrx_word' id='word_1_224' title='bbox 1653 3292 1795 3367; x_wconf 90' lang='lat' dir='ltr'>quoi</span> <span class='ocrx_word' id='word_1_225' title='bbox 1823 3292 2012 3351; x_wconf 89' lang='lat' dir='ltr'>tulero</span> <span class='ocrx_word' id='word_1_226' title='bbox 2040 3291 2313 3364; x_wconf 79' lang='lat' dir='ltr'>extrariO,</span> 
     </span>
    </p>

    <p class='ocr_par' dir='ltr' id='par_1_18' title="bbox 756 3386 2947 3564">
     <span class='ocr_line' id='line_1_28' title="bbox 762 3386 2947 3465; baseline -0 -18"><span class='ocrx_word' id='word_1_227' title='bbox 762 3388 901 3462; x_wconf 89' lang='lat' dir='ltr'>Quo</span> <span class='ocrx_word' id='word_1_228' title='bbox 927 3392 1108 3465; x_wconf 78' lang='lat' dir='ltr'>pacto</span> <span class='ocrx_word' id='word_1_229' title='bbox 1134 3399 1237 3449; x_wconf 88' lang='lat' dir='ltr'>aut</span> <span class='ocrx_word' id='word_1_230' title='bbox 1262 3390 1422 3449; x_wconf 91' lang='lat' dir='ltr'>unde</span> <span class='ocrx_word' id='word_1_231' title='bbox 1453 3390 1596 3449; x_wconf 88' lang='lat' dir='ltr'>mihi</span> <span class='ocrx_word' id='word_1_232' title='bbox 1625 3390 1699 3449; x_wconf 90' lang='lat' dir='ltr'>sit</span> <span class='ocrx_word' id='word_1_233' title='bbox 1726 3390 2053 3449; x_wconf 89' lang='lat' dir='ltr'>dicundum</span> <span class='ocrx_word' id='word_1_234' title='bbox 2081 3388 2289 3449; x_wconf 82' lang='lat' dir='ltr'>ordine</span> <span class='ocrx_word' id='word_1_235' title='bbox 2320 3398 2428 3448; x_wconf 88' lang='lat' dir='ltr'>est.</span> <span class='ocrx_word' id='word_1_236' title='bbox 2827 3386 2947 3446; x_wconf 87' lang='lat'>580</span> 
     </span>
     <span class='ocr_line' id='line_1_29' title="bbox 756 3484 2472 3564; baseline 0 -21"><span class='ocrx_word' id='word_1_237' title='bbox 756 3486 845 3544; x_wconf 93' lang='lat' dir='ltr'>Te</span> <span class='ocrx_word' id='word_1_238' title='bbox 875 3486 1019 3544; x_wconf 87' lang='lat' dir='ltr'>mihi</span> <span class='ocrx_word' id='word_1_239' title='bbox 1046 3485 1285 3546; x_wconf 87' lang='lat' dir='ltr'>fidelem</span> <span class='ocrx_word' id='word_1_240' title='bbox 1316 3506 1445 3547; x_wconf 89' lang='lat' dir='ltr'>esse</span> <span class='ocrx_word' id='word_1_241' title='bbox 1473 3490 1663 3564; x_wconf 76' lang='lat' dir='ltr'>aeque</span> <span class='ocrx_word' id='word_1_242' title='bbox 1691 3497 1868 3562; x_wconf 89' lang='lat' dir='ltr'>atque</span> <span class='ocrx_word' id='word_1_243' title='bbox 1898 3495 2139 3563; x_wconf 87' lang='lat' dir='ltr'>egomet</span> <span class='ocrx_word' id='word_1_244' title='bbox 2166 3489 2295 3545; x_wconf 81' lang='lat' dir='ltr'>sum</span> <span class='ocrx_word' id='word_1_245' title='bbox 2326 3484 2472 3544; x_wconf 88' lang='lat' dir='ltr'>mihi</span> 
     </span>
    </p>

    <p class='ocr_par' dir='ltr' id='par_1_19' title="bbox 759 3583 2146 3658">
     <span class='ocr_line' id='line_1_30' title="bbox 759 3583 2146 3658; baseline 0 -15"><span class='ocrx_word' id='word_1_246' title='bbox 759 3583 1013 3644; x_wconf 89' lang='lat' dir='ltr'>Scibam.</span> <span class='ocrx_word' id='word_1_247' title='bbox 1095 3584 1192 3645; x_wconf 92' lang='lat' dir='ltr'>ille</span> <span class='ocrx_word' id='word_1_248' title='bbox 1221 3584 1269 3644; x_wconf 90' lang='lat' dir='ltr'>si</span> <span class='ocrx_word' id='word_1_249' title='bbox 1296 3603 1394 3645; x_wconf 91' lang='lat' dir='ltr'>me</span> <span class='ocrx_word' id='word_1_250' title='bbox 1424 3585 1649 3646; x_wconf 75' lang='lat' dir='ltr'>alienus</span> <span class='ocrx_word' id='word_1_251' title='bbox 1676 3585 1938 3645; x_wconf 75' lang='lat' dir='ltr'>adfinem</span> <span class='ocrx_word' id='word_1_252' title='bbox 1964 3583 2146 3658; x_wconf 86' lang='lat' dir='ltr'>uolet,</span> 
     </span>
    </p>
   </div>
  </div>
 </body>
</html>
