<?xml version="1.0" encoding="UTF-8"?>
<!DOCTYPE html PUBLIC "-//W3C//DTD XHTML 1.0 Transitional//EN"
    "http://www.w3.org/TR/xhtml1/DTD/xhtml1-transitional.dtd">
<html xmlns="http://www.w3.org/1999/xhtml" xml:lang="en" lang="en">
 <head>
  <title>
</title>
<meta http-equiv="Content-Type" content="text/html;charset=utf-8" />
  <meta name='ocr-system' content='tesseract 3.04.00' />
  <meta name='ocr-capabilities' content='ocr_page ocr_carea ocr_par ocr_line ocrx_word'/>
</head>
<body>
  <div class='ocr_page' id='page_1' title='image "./terencephormioh00teregoog_0036.png"; bbox 0 0 3209 4109; ppageno 0'>
   <div class='ocr_carea' id='block_1_1' title="bbox 322 271 2837 341">
    <p class='ocr_par' dir='ltr' id='par_1_1' title="bbox 322 271 2837 341">
     <span class='ocr_line' id='line_1_1' title="bbox 322 271 2837 341; baseline 0 -18"><span class='ocrx_word' id='word_1_1' title='bbox 322 271 389 323; x_wconf 84' lang='lat'>34</span> <span class='ocrx_word' id='word_1_2' title='bbox 1398 273 1761 322; x_wconf 79' lang='lat' dir='ltr'><em>PHORMIO.</em></span> <span class='ocrx_word' id='word_1_3' title='bbox 2550 327 2563 340; x_wconf 63' lang='grc'>,</span> <span class='ocrx_word' id='word_1_4' title='bbox 2591 271 2837 341; x_wconf 54' lang='lat' dir='ltr'>[ists-3¹-</span> 
     </span>
    </p>
   </div>
   <div class='ocr_carea' id='block_1_2' title="bbox 656 438 2676 533">
    <p class='ocr_par' dir='ltr' id='par_1_2' title="bbox 656 438 2676 533">
     <span class='ocr_line' id='line_1_2' title="bbox 656 438 2676 533; baseline 0 -20"><span class='ocrx_word' id='word_1_5' title='bbox 656 453 966 532; x_wconf 84' lang='lat' dir='ltr'><em>(pointing</em></span> <span class='ocrx_word' id='word_1_6' title='bbox 989 463 1046 513; x_wconf 86' lang='lat' dir='ltr'>to</span> <span class='ocrx_word' id='word_1_7' title='bbox 1076 453 1420 533; x_wconf 63' lang='lat' dir='ltr'>Primnum)</span> <span class='ocrx_word' id='word_1_8' title='bbox 1457 438 1635 516; x_wconf 79' lang='lat' dir='ltr'>idem</span> <span class='ocrx_word' id='word_1_9' title='bbox 1664 452 1761 512; x_wconf 87' lang='lat' dir='ltr'>hic</span> <span class='ocrx_word' id='word_1_10' title='bbox 1790 452 1919 528; x_wconf 88' lang='lat' dir='ltr'>tibi,</span> <span class='ocrx_word' id='word_1_11' title='bbox 1945 450 2112 529; x_wconf 86' lang='lat' dir='ltr'>quod</span> <span class='ocrx_word' id='word_1_12' title='bbox 2139 453 2285 514; x_wconf 68' lang='lat' dir='ltr'>boni</span> <span class='ocrx_word' id='word_1_13' title='bbox 2320 454 2676 531; x_wconf 85' lang='lat' dir='ltr'>promeritus</span> 
     </span>
    </p>
   </div>
   <div class='ocr_carea' id='block_1_3' title="bbox 499 551 2673 922">
    <p class='ocr_par' dir='ltr' id='par_1_3' title="bbox 499 551 2673 922">
     <span class='ocr_line' id='line_1_3' title="bbox 1128 551 1883 629; baseline 0 -18"><span class='ocrx_word' id='word_1_14' title='bbox 1128 552 1323 626; x_wconf 74' lang='lat' dir='ltr'>sueriS,</span> <span class='ocrx_word' id='word_1_15' title='bbox 1353 551 1883 629; x_wconf 58' lang='lat' dir='ltr'>conduplicAuerit.</span> 
     </span>
     <span class='ocr_line' id='line_1_4' title="bbox 499 647 2673 728; baseline -0 -17"><span class='ocrx_word' id='word_1_16' title='bbox 499 653 618 711; x_wconf 79' lang='lat' dir='ltr'>Do,</span> <span class='ocrx_word' id='word_1_17' title='bbox 645 650 846 710; x_wconf 80' lang='lat' dir='ltr'>Verba</span> <span class='ocrx_word' id='word_1_18' title='bbox 871 649 1054 709; x_wconf 88' lang='lat' dir='ltr'><strong>istaec</strong></span> <span class='ocrx_word' id='word_1_19' title='bbox 1083 659 1235 709; x_wconf 89' lang='lat' dir='ltr'>sunt.</span> <span class='ocrx_word' id='word_1_20' title='bbox 1317 650 1431 709; x_wconf 79' lang='lat' dir='ltr'>AN.</span> <span class='ocrx_word' id='word_1_21' title='bbox 1471 647 1867 728; x_wconf 71' lang='lat' dir='ltr'>(pleath‘ngly)</span> <span class='ocrx_word' id='word_1_22' title='bbox 1903 648 2351 726; x_wconf 61' lang='lat' dir='ltr'>Pamphilamne</span> <span class='ocrx_word' id='word_1_23' title='bbox 2380 648 2494 707; x_wconf 80' lang='lat' dir='ltr'>hac</span> <span class='ocrx_word' id='word_1_24' title='bbox 2528 649 2673 710; x_wconf 73' lang='lat' dir='ltr'>urbe</span> 
     </span>
     <span class='ocr_line' id='line_1_5' title="bbox 1127 746 1568 823; baseline 0.005 -18"><span class='ocrx_word' id='word_1_25' title='bbox 1127 747 1343 823; x_wconf 76' lang='lat' dir='ltr'>priuati</span> <span class='ocrx_word' id='word_1_26' title='bbox 1369 746 1525 807; x_wconf 84' lang='lat' dir='ltr'>sines</span> <span class='ocrx_word' id='word_1_27' title='bbox 1538 748 1568 806; x_wconf 70' lang='grc' dir='ltr'>Ρ</span> 
     </span>
     <span class='ocr_line' id='line_1_6' title="bbox 644 844 2415 922; baseline 0 -17"><span class='ocrx_word' id='word_1_28' title='bbox 644 848 799 905; x_wconf 73' lang='lat' dir='ltr'>Tum</span> <span class='ocrx_word' id='word_1_29' title='bbox 826 855 1133 922; x_wconf 82' lang='lat' dir='ltr'>praeterea</span> <span class='ocrx_word' id='word_1_30' title='bbox 1159 845 1386 905; x_wconf 75' lang='lat' dir='ltr'>horunc</span> <span class='ocrx_word' id='word_1_31' title='bbox 1416 863 1684 905; x_wconf 87' lang='lat' dir='ltr'>amorem</span> <span class='ocrx_word' id='word_1_32' title='bbox 1714 844 1959 905; x_wconf 76' lang='lat' dir='ltr'><strong>distrahi</strong></span> <span class='ocrx_word' id='word_1_33' title='bbox 1985 848 2220 921; x_wconf 77' lang='lat' dir='ltr'>poterin</span> <span class='ocrx_word' id='word_1_34' title='bbox 2245 846 2372 922; x_wconf 84' lang='lat' dir='ltr'>pati</span> <span class='ocrx_word' id='word_1_35' title='bbox 2385 846 2415 905; x_wconf 72' lang='grc' dir='ltr'>Ρ</span> 
     </span>
    </p>
   </div>
   <div class='ocr_carea' id='block_1_4' title="bbox 496 942 2674 1023">
    <p class='ocr_par' dir='ltr' id='par_1_4' title="bbox 496 942 2674 1023">
     <span class='ocr_line' id='line_1_7' title="bbox 496 942 2674 1023; baseline -0.001 -18"><span class='ocrx_word' id='word_1_36' title='bbox 496 947 613 1005; x_wconf 81' lang='grc' dir='ltr'>ΒΟ.</span> <span class='ocrx_word' id='word_1_37' title='bbox 645 945 858 1020; x_wconf 79' lang='lat' dir='ltr'>Neque</span> <span class='ocrx_word' id='word_1_38' title='bbox 887 962 1001 1020; x_wconf 88' lang='lat' dir='ltr'>ego</span> <span class='ocrx_word' id='word_1_39' title='bbox 1028 961 1224 1020; x_wconf 91' lang='lat' dir='ltr'>neque</span> <span class='ocrx_word' id='word_1_40' title='bbox 1251 953 1335 1003; x_wconf 90' lang='lat' dir='ltr'>tu.</span> <span class='ocrx_word' id='word_1_41' title='bbox 1418 944 1534 1004; x_wconf 73' lang='lat' dir='ltr'>GE.</span> <span class='ocrx_word' id='word_1_42' title='bbox 1569 944 1849 1023; x_wconf 65' lang='lat' dir='ltr'>(augy-ih»,</span> <span class='ocrx_word' id='word_1_43' title='bbox 1873 952 1930 1003; x_wconf 85' lang='lat' dir='ltr'>to</span> <span class='ocrx_word' id='word_1_44' title='bbox 1958 942 2192 1022; x_wconf 78' lang='lat' dir='ltr'>Domo)</span> <span class='ocrx_word' id='word_1_45' title='bbox 2223 944 2304 1003; x_wconf 80' lang='lat' dir='ltr'>Di</span> <span class='ocrx_word' id='word_1_46' title='bbox 2331 943 2439 1005; x_wconf 90' lang='lat' dir='ltr'>tibi</span> <span class='ocrx_word' id='word_1_47' title='bbox 2465 962 2674 1004; x_wconf 81' lang='lat' dir='ltr'>omnes</span> 
     </span>
    </p>
   </div>
   <div class='ocr_carea' id='block_1_5' title="bbox 320 1039 2670 1312">
    <p class='ocr_par' dir='ltr' id='par_1_5' title="bbox 320 1039 2670 1312">
     <span class='ocr_line' id='line_1_8' title="bbox 1126 1039 1957 1118; baseline 0 -18"><span class='ocrx_word' id='word_1_48' title='bbox 1126 1041 1190 1101; x_wconf 85' lang='lat' dir='ltr'>id</span> <span class='ocrx_word' id='word_1_49' title='bbox 1217 1039 1382 1117; x_wconf 90' lang='lat' dir='ltr'>quod</span> <span class='ocrx_word' id='word_1_50' title='bbox 1412 1060 1477 1101; x_wconf 89' lang='lat' dir='ltr'>es</span> <span class='ocrx_word' id='word_1_51' title='bbox 1505 1041 1720 1118; x_wconf 73' lang='lat' dir='ltr'>dignus</span> <span class='ocrx_word' id='word_1_52' title='bbox 1749 1040 1957 1102; x_wconf 86' lang='lat' dir='ltr'>duint!</span> 
     </span>
     <span class='ocr_line' id='line_1_9' title="bbox 320 1124 2670 1219; baseline 0 -20"><span class='ocrx_word' id='word_1_53' title='bbox 320 1139 440 1199; x_wconf 82' lang='lat'>520</span> <span class='ocrx_word' id='word_1_54' title='bbox 495 1142 613 1200; x_wconf 90' lang='lat' dir='ltr'>Do.</span> <span class='ocrx_word' id='word_1_55' title='bbox 652 1140 741 1219; x_wconf 84' lang='lat' dir='ltr'>(to</span> <span class='ocrx_word' id='word_1_56' title='bbox 770 1138 1113 1218; x_wconf 73' lang='lat' dir='ltr'>PHAEDRm)</span> <span class='ocrx_word' id='word_1_57' title='bbox 1153 1124 1285 1215; x_wconf 77' lang='lat' dir='ltr'>Ego</span> <span class='ocrx_word' id='word_1_58' title='bbox 1315 1148 1374 1199; x_wconf 88' lang='lat' dir='ltr'>te</span> <span class='ocrx_word' id='word_1_59' title='bbox 1402 1139 1723 1216; x_wconf 78' lang='lat' dir='ltr'>compluris</span> <span class='ocrx_word' id='word_1_60' title='bbox 1764 1138 2083 1199; x_wconf 75' lang='lat' dir='ltr'>aduersum</span> <span class='ocrx_word' id='word_1_61' title='bbox 2124 1138 2427 1215; x_wconf 70' lang='lat' dir='ltr'>ingenium</span> <span class='ocrx_word' id='word_1_62' title='bbox 2470 1157 2670 1200; x_wconf 88' lang='lat' dir='ltr'>meum</span> 
     </span>
     <span class='ocr_line' id='line_1_10' title="bbox 1123 1236 1492 1312; baseline 0 -17"><span class='ocrx_word' id='word_1_63' title='bbox 1123 1240 1340 1296; x_wconf 79' lang='lat' dir='ltr'><strong>mensis</strong></span> <span class='ocrx_word' id='word_1_64' title='bbox 1367 1236 1492 1312; x_wconf 87' lang='lat' dir='ltr'>tuli,</span> 
     </span>
    </p>
   </div>
   <div class='ocr_carea' id='block_1_6' title="bbox 643 1334 2674 1410">
    <p class='ocr_par' dir='ltr' id='par_1_6' title="bbox 643 1334 2674 1410">
     <span class='ocr_line' id='line_1_11' title="bbox 643 1334 2674 1410; baseline -0 -15"><span class='ocrx_word' id='word_1_65' title='bbox 643 1334 1074 1396; x_wconf 66' lang='lat' dir='ltr'>Pollicitantem</span> <span class='ocrx_word' id='word_1_66' title='bbox 1117 1344 1178 1394; x_wconf 88' lang='lat' dir='ltr'>et</span> <span class='ocrx_word' id='word_1_67' title='bbox 1217 1334 1298 1393; x_wconf 81' lang='lat' dir='ltr'>nil</span> <span class='ocrx_word' id='word_1_68' title='bbox 1339 1335 1649 1410; x_wconf 85' lang='lat' dir='ltr'>ferentem,</span> <span class='ocrx_word' id='word_1_69' title='bbox 1691 1334 1973 1409; x_wconf 72' lang='lat' dir='ltr'>flentem5</span> <span class='ocrx_word' id='word_1_70' title='bbox 2020 1352 2180 1394; x_wconf 86' lang='lat' dir='ltr'>nune</span> <span class='ocrx_word' id='word_1_71' title='bbox 2221 1343 2432 1395; x_wconf 81' lang='lat' dir='ltr'>contra</span> <span class='ocrx_word' id='word_1_72' title='bbox 2470 1334 2674 1395; x_wconf 70' lang='lat' dir='ltr'>omnia</span> 
     </span>
    </p>
   </div>
   <div class='ocr_carea' id='block_1_7' title="bbox 318 1432 2670 2778">
    <p class='ocr_par' dir='ltr' id='par_1_7' title="bbox 318 1432 2670 2778">
     <span class='ocr_line' id='line_1_12' title="bbox 1122 1432 1309 1492; baseline 0 -1"><span class='ocrx_word' id='word_1_73' title='bbox 1122 1432 1309 1492; x_wconf 83' lang='lat' dir='ltr'>haec:</span> 
     </span>
     <span class='ocr_line' id='line_1_13' title="bbox 640 1527 2476 1607; baseline 0 -17"><span class='ocrx_word' id='word_1_74' title='bbox 640 1531 905 1607; x_wconf 77' lang='lat' dir='ltr'>Repperi</span> <span class='ocrx_word' id='word_1_75' title='bbox 933 1531 1035 1606; x_wconf 92' lang='lat' dir='ltr'>qui</span> <span class='ocrx_word' id='word_1_76' title='bbox 1062 1528 1167 1590; x_wconf 72' lang='lat' dir='ltr'>det</span> <span class='ocrx_word' id='word_1_77' title='bbox 1191 1547 1389 1607; x_wconf 91' lang='lat' dir='ltr'>neque</span> <span class='ocrx_word' id='word_1_78' title='bbox 1417 1530 1740 1591; x_wconf 82' lang='lat' dir='ltr'>lacrumet:</span> <span class='ocrx_word' id='word_1_79' title='bbox 1785 1527 1866 1590; x_wconf 59' lang='lat' dir='ltr'>da</span> <span class='ocrx_word' id='word_1_80' title='bbox 1890 1530 2091 1590; x_wconf 88' lang='lat' dir='ltr'>locum</span> <span class='ocrx_word' id='word_1_81' title='bbox 2120 1530 2476 1591; x_wconf 71' lang='lat' dir='ltr'>melioribus.</span> 
     </span>
     <span class='ocr_line' id='line_1_14' title="bbox 495 1617 2670 1708; baseline 0 -20"><span class='ocrx_word' id='word_1_82' title='bbox 495 1631 610 1688; x_wconf 64' lang='lat' dir='ltr'>AN.</span> <span class='ocrx_word' id='word_1_83' title='bbox 647 1629 738 1708; x_wconf 86' lang='lat' dir='ltr'>(to</span> <span class='ocrx_word' id='word_1_84' title='bbox 789 1627 1131 1704; x_wconf 66' lang='lat' dir='ltr'>Pufflnkm)</span> <span class='ocrx_word' id='word_1_85' title='bbox 1182 1617 1366 1688; x_wconf 71' lang='lat' dir='ltr'>Ce&#39;rte</span> <span class='ocrx_word' id='word_1_86' title='bbox 1413 1628 1633 1702; x_wconf 89' lang='lat' dir='ltr'>hercle,</span> <span class='ocrx_word' id='word_1_87' title='bbox 1676 1646 1790 1705; x_wconf 88' lang='lat' dir='ltr'>ego</span> <span class='ocrx_word' id='word_1_88' title='bbox 1832 1628 1881 1688; x_wconf 84' lang='lat' dir='ltr'>si</span> <span class='ocrx_word' id='word_1_89' title='bbox 1929 1627 2069 1688; x_wconf 64' lang='lat' dir='ltr'>satis</span> <span class='ocrx_word' id='word_1_90' title='bbox 2117 1628 2520 1702; x_wconf 86' lang='lat' dir='ltr'>commemini,</span> <span class='ocrx_word' id='word_1_91' title='bbox 2562 1628 2670 1688; x_wconf 82' lang='lat' dir='ltr'>tibi</span> 
     </span>
     <span class='ocr_line' id='line_1_15' title="bbox 1124 1725 1964 1810; baseline 0.001 -26"><span class='ocrx_word' id='word_1_92' title='bbox 1124 1725 1423 1801; x_wconf 86' lang='lat' dir='ltr'>quidemst</span> <span class='ocrx_word' id='word_1_93' title='bbox 1452 1726 1594 1786; x_wconf 79' lang='lat' dir='ltr'>olim</span> <span class='ocrx_word' id='word_1_94' title='bbox 1622 1725 1769 1798; x_wconf 86' lang='lat' dir='ltr'>dies,</span> <span class='ocrx_word' id='word_1_95' title='bbox 1959 1807 1964 1810; x_wconf 85' lang='lat'><em>.</em></span> 
     </span>
     <span class='ocr_line' id='line_1_16' title="bbox 643 1822 2667 1901; baseline -0 -18"><span class='ocrx_word' id='word_1_96' title='bbox 643 1825 840 1899; x_wconf 83' lang='lat' dir='ltr'>Quam</span> <span class='ocrx_word' id='word_1_97' title='bbox 869 1823 946 1883; x_wconf 59' lang='lat' dir='ltr'>Ad</span> <span class='ocrx_word' id='word_1_98' title='bbox 981 1823 1154 1882; x_wconf 87' lang='lat' dir='ltr'>dares</span> <span class='ocrx_word' id='word_1_99' title='bbox 1195 1822 1333 1882; x_wconf 87' lang='lat' dir='ltr'>huic</span> <span class='ocrx_word' id='word_1_100' title='bbox 1371 1823 1684 1901; x_wconf 69' lang='lat' dir='ltr'><em>(poinh&#39;ng</em></span> <span class='ocrx_word' id='word_1_101' title='bbox 1720 1832 1777 1882; x_wconf 85' lang='lat' dir='ltr'>to</span> <span class='ocrx_word' id='word_1_102' title='bbox 1819 1824 2055 1900; x_wconf 77' lang='lat' dir='ltr'>Domo)</span> <span class='ocrx_word' id='word_1_103' title='bbox 2066 1868 2083 1896; x_wconf 89' lang='lat'><strong>,</strong></span> <span class='ocrx_word' id='word_1_104' title='bbox 2112 1824 2468 1899; x_wconf 73' lang='lat' dir='ltr'>praestituta.</span> <span class='ocrx_word' id='word_1_105' title='bbox 2555 1825 2667 1883; x_wconf 75' lang='lat' dir='ltr'>Pu.</span> 
     </span>
     <span class='ocr_line' id='line_1_17' title="bbox 1123 1920 2351 1997; baseline 0.001 -18"><span class='ocrx_word' id='word_1_106' title='bbox 1123 1921 1390 1980; x_wconf 62' lang='lat' dir='ltr'>Factum.</span> <span class='ocrx_word' id='word_1_107' title='bbox 1474 1921 1589 1980; x_wconf 85' lang='lat' dir='ltr'>Do.</span> <span class='ocrx_word' id='word_1_108' title='bbox 1640 1922 1801 1980; x_wconf 91' lang='lat' dir='ltr'>Num</span> <span class='ocrx_word' id='word_1_109' title='bbox 1831 1939 1945 1997; x_wconf 88' lang='lat' dir='ltr'>ego</span> <span class='ocrx_word' id='word_1_110' title='bbox 1972 1920 2123 1980; x_wconf 76' lang='lat' dir='ltr'>istuc</span> <span class='ocrx_word' id='word_1_111' title='bbox 2152 1923 2351 1997; x_wconf 81' lang='lat' dir='ltr'>nego?</span> 
     </span>
     <span class='ocr_line' id='line_1_18' title="bbox 318 2017 2668 2095; baseline -0 -16"><span class='ocrx_word' id='word_1_112' title='bbox 318 2018 439 2079; x_wconf 85' lang='lat'>525</span> <span class='ocrx_word' id='word_1_113' title='bbox 497 2022 611 2079; x_wconf 81' lang='lat' dir='ltr'>AN.</span> <span class='ocrx_word' id='word_1_114' title='bbox 642 2022 772 2078; x_wconf 87' lang='lat' dir='ltr'>Iam</span> <span class='ocrx_word' id='word_1_115' title='bbox 820 2022 894 2078; x_wconf 79' lang='lat' dir='ltr'>ea</span> <span class='ocrx_word' id='word_1_116' title='bbox 949 2018 1291 2095; x_wconf 85' lang='lat' dir='ltr'>praeteriit?</span> <span class='ocrx_word' id='word_1_117' title='bbox 1370 2019 1489 2078; x_wconf 91' lang='lat' dir='ltr'>Do.</span> <span class='ocrx_word' id='word_1_118' title='bbox 1547 2019 1605 2077; x_wconf 94' lang='lat' dir='ltr'>N</span> <span class='ocrx_word' id='word_1_119' title='bbox 1608 2022 1707 2090; x_wconf 77' lang='grc' dir='ltr'>6η,</span> <span class='ocrx_word' id='word_1_120' title='bbox 1757 2036 1965 2078; x_wconf 87' lang='lat' dir='ltr'>uerum</span> <span class='ocrx_word' id='word_1_121' title='bbox 2020 2017 2171 2077; x_wconf 85' lang='lat' dir='ltr'>haec</span> <span class='ocrx_word' id='word_1_122' title='bbox 2225 2021 2283 2077; x_wconf 85' lang='lat' dir='ltr'>e&#39;i</span> <span class='ocrx_word' id='word_1_123' title='bbox 2335 2019 2668 2078; x_wconf 57' lang='lat' dir='ltr'>antecessit.</span> 
     </span>
     <span class='ocr_line' id='line_1_19' title="bbox 1124 2114 1642 2192; baseline 0 -17"><span class='ocrx_word' id='word_1_124' title='bbox 1124 2118 1238 2175; x_wconf 83' lang='lat' dir='ltr'>AN.</span> <span class='ocrx_word' id='word_1_125' title='bbox 1282 2116 1424 2175; x_wconf 70' lang='lat' dir='ltr'>Non</span> <span class='ocrx_word' id='word_1_126' title='bbox 1451 2114 1642 2192; x_wconf 92' lang='lat' dir='ltr'>pudet</span> 
     </span>
     <span class='ocr_line' id='line_1_20' title="bbox 637 2211 2668 2291; baseline -0.001 -18"><span class='ocrx_word' id='word_1_127' title='bbox 637 2214 971 2273; x_wconf 60' lang='lat' dir='ltr'>Vimitatis?</span> <span class='ocrx_word' id='word_1_128' title='bbox 1050 2214 1169 2273; x_wconf 75' lang='lat' dir='ltr'>Do,</span> <span class='ocrx_word' id='word_1_129' title='bbox 1219 2215 1509 2287; x_wconf 85' lang='lat' dir='ltr'>Minume,</span> <span class='ocrx_word' id='word_1_130' title='bbox 1558 2211 1703 2272; x_wconf 88' lang='lat' dir='ltr'>dum</span> <span class='ocrx_word' id='word_1_131' title='bbox 1752 2213 1835 2275; x_wconf 90' lang='lat' dir='ltr'>ob</span> <span class='ocrx_word' id='word_1_132' title='bbox 1880 2231 2027 2273; x_wconf 87' lang='lat' dir='ltr'>rem.</span> <span class='ocrx_word' id='word_1_133' title='bbox 2110 2214 2227 2275; x_wconf 68' lang='lat' dir='ltr'>Gn.</span> <span class='ocrx_word' id='word_1_134' title='bbox 2280 2212 2559 2291; x_wconf 62' lang='lat' dir='ltr'>(augy-ily,</span> <span class='ocrx_word' id='word_1_135' title='bbox 2610 2221 2668 2272; x_wconf 78' lang='lat' dir='ltr'>to</span> 
     </span>
     <span class='ocr_line' id='line_1_21' title="bbox 1122 2311 2270 2389; baseline 0 -18"><span class='ocrx_word' id='word_1_136' title='bbox 1122 2312 1354 2389; x_wconf 79' lang='lat' dir='ltr'>Domo)</span> <span class='ocrx_word' id='word_1_137' title='bbox 1392 2311 1825 2371; x_wconf 76' lang='lat' dir='ltr'>Sterculinuml</span> <span class='ocrx_word' id='word_1_138' title='bbox 1907 2313 2018 2370; x_wconf 79' lang='grc' dir='ltr'>ΡΗ.</span> <span class='ocrx_word' id='word_1_139' title='bbox 2063 2312 2270 2381; x_wconf 76' lang='grc' dir='ltr'><strong>Βόῐὶο,</strong></span> 
     </span>
     <span class='ocr_line' id='line_1_22' title="bbox 641 2395 2665 2485; baseline -0.001 -15"><span class='ocrx_word' id='word_1_140' title='bbox 641 2395 812 2470; x_wconf 66' lang='lat' dir='ltr'>itane</span> <span class='ocrx_word' id='word_1_141' title='bbox 868 2408 1111 2468; x_wconf 84' lang='lat' dir='ltr'>tandem</span> <span class='ocrx_word' id='word_1_142' title='bbox 1166 2410 1360 2468; x_wconf 59' lang='lat' dir='ltr'>facere</span> <span class='ocrx_word' id='word_1_143' title='bbox 1417 2410 1699 2485; x_wconf 87' lang='lat' dir='ltr'><strong>oportet?</strong></span> <span class='ocrx_word' id='word_1_144' title='bbox 1778 2409 1898 2468; x_wconf 79' lang='lat' dir='ltr'>Do,</span> <span class='ocrx_word' id='word_1_145' title='bbox 1955 2409 2051 2468; x_wconf 83' lang='lat' dir='ltr'>Sic</span> <span class='ocrx_word' id='word_1_146' title='bbox 2106 2427 2274 2467; x_wconf 87' lang='lat' dir='ltr'>sum:</span> <span class='ocrx_word' id='word_1_147' title='bbox 2332 2409 2380 2467; x_wconf 89' lang='lat' dir='ltr'>si</span> <span class='ocrx_word' id='word_1_148' title='bbox 2435 2408 2665 2485; x_wconf 87' lang='lat' dir='ltr'>placeo,</span> 
     </span>
     <span class='ocr_line' id='line_1_23' title="bbox 1122 2510 1307 2566; baseline -0.005 0"><span class='ocrx_word' id='word_1_149' title='bbox 1122 2510 1307 2566; x_wconf 76' lang='lat' dir='ltr'>utere.</span> 
     </span>
     <span class='ocr_line' id='line_1_24' title="bbox 495 2594 2666 2681; baseline -0.001 -16"><span class='ocrx_word' id='word_1_150' title='bbox 495 2609 608 2666; x_wconf 75' lang='grc' dir='ltr'>ΑΝ.</span> <span class='ocrx_word' id='word_1_151' title='bbox 641 2607 736 2666; x_wconf 85' lang='lat' dir='ltr'>Sic</span> <span class='ocrx_word' id='word_1_152' title='bbox 769 2605 928 2664; x_wconf 88' lang='lat' dir='ltr'>hunc</span> <span class='ocrx_word' id='word_1_153' title='bbox 966 2605 1236 2681; x_wconf 71' lang='lat' dir='ltr'>decipts?</span> <span class='ocrx_word' id='word_1_154' title='bbox 1318 2606 1436 2663; x_wconf 89' lang='lat' dir='ltr'>Do.</span> <span class='ocrx_word' id='word_1_155' title='bbox 1481 2605 1680 2664; x_wconf 90' lang='lat' dir='ltr'>Immo</span> <span class='ocrx_word' id='word_1_156' title='bbox 1721 2604 1881 2663; x_wconf 90' lang='lat' dir='ltr'>enim</span> <span class='ocrx_word' id='word_1_157' title='bbox 1921 2622 2085 2677; x_wconf 88' lang='lat' dir='ltr'>uero,</span> <span class='ocrx_word' id='word_1_158' title='bbox 2115 2594 2403 2680; x_wconf 74' lang='lat' dir='ltr'>Antipho,</span> <span class='ocrx_word' id='word_1_159' title='bbox 2432 2603 2529 2662; x_wconf 88' lang='lat' dir='ltr'>hic</span> <span class='ocrx_word' id='word_1_160' title='bbox 2568 2621 2666 2662; x_wconf 92' lang='lat' dir='ltr'>me</span> 
     </span>
     <span class='ocr_line' id='line_1_25' title="bbox 1121 2702 1382 2778; baseline -0.011 -15"><span class='ocrx_word' id='word_1_161' title='bbox 1121 2702 1382 2778; x_wconf 76' lang='lat' dir='ltr'>decipit:</span> 
     </span>
    </p>
   </div>
   <div class='ocr_carea' id='block_1_8' title="bbox 643 2765 2680 2876">
    <p class='ocr_par' dir='ltr' id='par_1_8' title="bbox 643 2765 2680 2876">
     <span class='ocr_line' id='line_1_26' title="bbox 643 2765 2680 2876; baseline -0.001 -15"><span class='ocrx_word' id='word_1_162' title='bbox 643 2803 802 2861; x_wconf 88' lang='lat' dir='ltr'>Nam</span> <span class='ocrx_word' id='word_1_163' title='bbox 842 2801 940 2860; x_wconf 83' lang='lat' dir='ltr'>hic</span> <span class='ocrx_word' id='word_1_164' title='bbox 984 2820 1082 2860; x_wconf 91' lang='lat' dir='ltr'>me</span> <span class='ocrx_word' id='word_1_165' title='bbox 1124 2800 1295 2859; x_wconf 89' lang='lat' dir='ltr'>huius</span> <span class='ocrx_word' id='word_1_166' title='bbox 1340 2800 1507 2860; x_wconf 89' lang='lat' dir='ltr'>modi</span> <span class='ocrx_word' id='word_1_167' title='bbox 1551 2799 1742 2860; x_wconf 80' lang='lat' dir='ltr'><strong>scibat</strong></span> <span class='ocrx_word' id='word_1_168' title='bbox 1781 2817 1929 2873; x_wconf 91' lang='lat' dir='ltr'>esse,</span> <span class='ocrx_word' id='word_1_169' title='bbox 1969 2817 2083 2876; x_wconf 88' lang='lat' dir='ltr'>ego</span> <span class='ocrx_word' id='word_1_170' title='bbox 2123 2798 2280 2859; x_wconf 72' lang='lat' dir='ltr'>hunc</span> <span class='ocrx_word' id='word_1_171' title='bbox 2325 2817 2456 2859; x_wconf 84' lang='lat' dir='ltr'>esse</span> <span class='ocrx_word' id='word_1_172' title='bbox 2500 2765 2680 2859; x_wconf 52' lang='lat' dir='ltr'>alites</span> 
     </span>
    </p>
   </div>
   <div class='ocr_carea' id='block_1_9' title="bbox 317 2897 2666 3562">
    <p class='ocr_par' dir='ltr' id='par_1_9' title="bbox 317 2897 2666 3562">
     <span class='ocr_line' id='line_1_27' title="bbox 1225 2897 1391 2956; baseline 0 0"><span class='ocrx_word' id='word_1_173' title='bbox 1225 2897 1284 2956; x_wconf 88' lang='lat' dir='ltr'>d·</span> <span class='ocrx_word' id='word_1_174' title='bbox 1333 2898 1391 2956; x_wconf 93' lang='lat' dir='ltr'>i·</span> 
     </span>
     <span class='ocr_line' id='line_1_28' title="bbox 317 2897 2635 3072; baseline -0.004 -14"><span class='ocrx_word' id='word_1_175' title='bbox 317 2997 438 3058; x_wconf 86' lang='lat'>530</span> <span class='ocrx_word' id='word_1_176' title='bbox 641 2982 766 3056; x_wconf 66' lang='lat' dir='ltr'>iste</span> <span class='ocrx_word' id='word_1_177' title='bbox 795 3015 891 3055; x_wconf 90' lang='lat' dir='ltr'>me</span> <span class='ocrx_word' id='word_1_178' title='bbox 922 2897 1416 3072; x_wconf 46' lang='lat' dir='ltr'>fefellitizrgggcisti</span> <span class='ocrx_word' id='word_1_179' title='bbox 1440 2996 1561 3056; x_wconf 88' lang='lat' dir='ltr'>nsso</span> <span class='ocrx_word' id='word_1_180' title='bbox 1589 3014 1720 3055; x_wconf 91' lang='lat' dir='ltr'>sum</span> <span class='ocrx_word' id='word_1_181' title='bbox 1747 2994 1915 3054; x_wconf 84' lang='lat' dir='ltr'>aliter</span> <span class='ocrx_word' id='word_1_182' title='bbox 1941 2996 2013 3054; x_wconf 56' lang='lat' dir='ltr'>Ac</span> <span class='ocrx_word' id='word_1_183' title='bbox 2040 2993 2142 3054; x_wconf 80' lang='lat' dir='ltr'>fui.</span> <span class='ocrx_word' id='word_1_184' title='bbox 2631 3043 2635 3049; x_wconf 85' lang='lat'>.</span> 
     </span>
     <span class='ocr_line' id='line_1_29' title="bbox 636 3092 2666 3170; baseline -0.002 -15"><span class='ocrx_word' id='word_1_185' title='bbox 636 3093 754 3155; x_wconf 74' lang='lat' dir='ltr'>sed</span> <span class='ocrx_word' id='word_1_186' title='bbox 782 3105 848 3153; x_wconf 92' lang='lat' dir='ltr'>ut</span> <span class='ocrx_word' id='word_1_187' title='bbox 875 3104 940 3154; x_wconf 91' lang='lat' dir='ltr'>ut</span> <span class='ocrx_word' id='word_1_188' title='bbox 969 3095 1120 3154; x_wconf 87' lang='lat' dir='ltr'>haec</span> <span class='ocrx_word' id='word_1_189' title='bbox 1148 3105 1300 3169; x_wconf 88' lang='lat' dir='ltr'>sunt,</span> <span class='ocrx_word' id='word_1_190' title='bbox 1323 3097 1524 3155; x_wconf 60' lang='lat' dir='ltr'>tamen</span> <span class='ocrx_word' id='word_1_191' title='bbox 1551 3093 1669 3154; x_wconf 87' lang='lat' dir='ltr'>hoc</span> <span class='ocrx_word' id='word_1_192' title='bbox 1697 3092 1949 3152; x_wconf 82' lang='lat' dir='ltr'>faciam:</span> <span class='ocrx_word' id='word_1_193' title='bbox 1992 3094 2123 3152; x_wconf 60' lang='lat' dir='ltr'>cras</span> <span class='ocrx_word' id='word_1_194' title='bbox 2149 3110 2329 3153; x_wconf 84' lang='lat' dir='ltr'>mane</span> <span class='ocrx_word' id='word_1_195' title='bbox 2356 3095 2666 3170; x_wconf 76' lang='lat' dir='ltr'>argentum</span> 
     </span>
     <span class='ocr_line' id='line_1_30' title="bbox 643 3193 2488 3367; baseline -0.002 -16"><span class='ocrx_word' id='word_1_196' title='bbox 643 3291 818 3351; x_wconf 80' lang='lat' dir='ltr'>Miles</span> <span class='ocrx_word' id='word_1_197' title='bbox 845 3290 990 3351; x_wconf 86' lang='lat' dir='ltr'>dare</span> <span class='ocrx_word' id='word_1_198' title='bbox 1018 3310 1081 3351; x_wconf 90' lang='lat' dir='ltr'>se</span> <span class='ocrx_word' id='word_1_199' title='bbox 1111 3193 1295 3351; x_wconf 53' lang='grc' dir='ltr'>(Ῐὶῗὲῐῖ</span> <span class='ocrx_word' id='word_1_200' title='bbox 1342 3291 1390 3350; x_wconf 93' lang='lat' dir='ltr'>si</span> <span class='ocrx_word' id='word_1_201' title='bbox 1418 3290 1562 3350; x_wconf 90' lang='lat' dir='ltr'>mihi</span> <span class='ocrx_word' id='word_1_202' title='bbox 1589 3293 1751 3367; x_wconf 78' lang='lat' dir='ltr'>prior</span> <span class='ocrx_word' id='word_1_203' title='bbox 1778 3298 1842 3349; x_wconf 92' lang='lat' dir='ltr'>tu</span> <span class='ocrx_word' id='word_1_204' title='bbox 1869 3251 2148 3363; x_wconf 81' lang='lat' dir='ltr'>attuleris,</span> <span class='ocrx_word' id='word_1_205' title='bbox 2179 3285 2488 3361; x_wconf 70' lang='lat' dir='ltr'>Phaedria,</span> 
     </span>
     <span class='ocr_line' id='line_1_31' title="bbox 642 3385 2585 3465; baseline -0.002 -17"><span class='ocrx_word' id='word_1_206' title='bbox 642 3391 786 3449; x_wconf 59' lang='lat' dir='ltr'>Mea</span> <span class='ocrx_word' id='word_1_207' title='bbox 813 3389 942 3465; x_wconf 87' lang='lat' dir='ltr'>lege</span> <span class='ocrx_word' id='word_1_208' title='bbox 970 3399 1118 3463; x_wconf 88' lang='lat' dir='ltr'>utar,</span> <span class='ocrx_word' id='word_1_209' title='bbox 1147 3392 1213 3447; x_wconf 75' lang='lat' dir='ltr'>ut</span> <span class='ocrx_word' id='word_1_210' title='bbox 1241 3388 1438 3464; x_wconf 91' lang='lat' dir='ltr'>potior</span> <span class='ocrx_word' id='word_1_211' title='bbox 1464 3388 1556 3461; x_wconf 88' lang='lat' dir='ltr'>sit,</span> <span class='ocrx_word' id='word_1_212' title='bbox 1587 3391 1689 3464; x_wconf 83' lang='lat' dir='ltr'>qui</span> <span class='ocrx_word' id='word_1_213' title='bbox 1714 3388 1876 3464; x_wconf 87' lang='lat' dir='ltr'>prior</span> <span class='ocrx_word' id='word_1_214' title='bbox 1903 3385 1982 3447; x_wconf 89' lang='lat' dir='ltr'>ad</span> <span class='ocrx_word' id='word_1_215' title='bbox 2009 3385 2350 3447; x_wconf 75' lang='lat' dir='ltr'>dandfimst.</span> <span class='ocrx_word' id='word_1_216' title='bbox 2432 3385 2585 3445; x_wconf 86' lang='lat' dir='ltr'>uale.</span> 
     </span>
     <span class='ocr_line' id='line_1_32' title="bbox 1992 3481 2659 3562; baseline -0.003 -19"><span class='ocrx_word' id='word_1_217' title='bbox 1992 3484 2190 3562; x_wconf 82' lang='lat' dir='ltr'>(Exit</span> <span class='ocrx_word' id='word_1_218' title='bbox 2209 3491 2266 3544; x_wconf 83' lang='lat' dir='ltr'>to</span> <span class='ocrx_word' id='word_1_219' title='bbox 2291 3485 2538 3557; x_wconf 73' lang='lat' dir='ltr'><em>Forum,</em></span> <span class='ocrx_word' id='word_1_220' title='bbox 2568 3481 2659 3556; x_wconf 80' lang='lat' dir='ltr'>R.)</span> 
     </span>
    </p>
   </div>
   <div class='ocr_carea' id='block_1_10' title="bbox 2775 1164 2830 1215">
    <p class='ocr_par' dir='ltr' id='par_1_10' title="bbox 2775 1164 2830 1215">
     <span class='ocr_line' id='line_1_33' title="bbox 2775 1164 2830 1215; baseline 0.018 -1"><span class='ocrx_word' id='word_1_221' title='bbox 2775 1164 2830 1215; x_wconf 77' lang='lat'>35</span> 
     </span>
    </p>
   </div>
   <div class='ocr_carea' id='block_1_11' title="bbox 3189 102 3194 606">
    <p class='ocr_par' dir='ltr' id='par_1_11' title="bbox 3189 102 3194 606">
     <span class='ocr_line' id='line_1_34' title="bbox 3189 102 3194 606; baseline 0 0"><span class='ocrx_word' id='word_1_222' title='bbox 3189 102 3194 606; x_wconf 95' lang='lat' dir='ltr'> </span> 
     </span>
    </p>
   </div>
   <div class='ocr_carea' id='block_1_12' title="bbox 3188 761 3195 2151">
    <p class='ocr_par' dir='ltr' id='par_1_12' title="bbox 3188 761 3195 2151">
     <span class='ocr_line' id='line_1_35' title="bbox 3188 761 3195 2151; baseline 0 0"><span class='ocrx_word' id='word_1_223' title='bbox 3188 761 3195 2151; x_wconf 95' lang='lat' dir='ltr'> </span> 
     </span>
    </p>
   </div>
   <div class='ocr_carea' id='block_1_13' title="bbox 3188 2310 3194 3105">
    <p class='ocr_par' dir='ltr' id='par_1_13' title="bbox 3188 2310 3194 3105">
     <span class='ocr_line' id='line_1_36' title="bbox 3188 2310 3194 3105; baseline 0 0"><span class='ocrx_word' id='word_1_224' title='bbox 3188 2310 3194 3105; x_wconf 95' lang='lat' dir='ltr'> </span> 
     </span>
    </p>
   </div>
   <div class='ocr_carea' id='block_1_14' title="bbox 3187 2310 3197 4081">
    <p class='ocr_par' dir='ltr' id='par_1_14' title="bbox 3187 2310 3197 4081">
     <span class='ocr_line' id='line_1_37' title="bbox 3187 2310 3197 4081; baseline 0 0"><span class='ocrx_word' id='word_1_225' title='bbox 3187 2310 3197 4081; x_wconf 95' lang='lat' dir='ltr'> </span> 
     </span>
    </p>
   </div>
  </div>
 </body>
</html>
