3209 4109
404 243 473 293 48
1481 245 1590 293 PH
1590 245 1788 293 ORMI
1788 244 1846 297 0.
2729 245 2922 312 [vad-

1526 902 1689 960 ACT
1733 902 1807 960 V.

1517 1080 1712 1137 Sem
1763 1100 1813 1138 1.

414 1233 676 1280 DEMIPHO
699 1238 895 1281 returns
916 1232 1042 1281 aster
1064 1233 1250 1297 paying
1273 1233 1360 1281 the
1384 1248 1567 1295 money
1591 1239 1645 1281 to
1670 1234 1945 1292 PHORMIO,
1964 1234 2065 1283 and
2088 1220 2285 1296 goes—in
2308 1241 2361 1283 to
2383 1233 2485 1297 beg
2506 1236 2926 1285 NAUSISTRATA’S

494 1314 723 1373 services,
748 1316 800 1362 in
825 1316 1135 1363 accordance
1158 1314 1279 1363 with
1303 1314 1382 1363 his
1403 1315 1622 1379 promise
1647 1322 1699 1363 to
1722 1315 1801 1364 his
1831 1316 2049 1364 brother.
2117 1316 2267 1364 ΟΕΤΑ
2302 1332 2557 1381 expresses
2590 1317 2642 1365 in
2675 1317 2926 1381 soliloquy

494 1396 575 1446 his
596 1396 726 1446 fears
748 1397 824 1445 for
847 1398 933 1446 the
959 1397 1139 1456 future,
1162 1397 1216 1445 in
1238 1396 1366 1462 spite
1391 1397 1450 1445 of
1477 1397 1563 1445 the
1586 1413 1785 1446 success
1807 1398 1865 1447 of
1893 1397 1973 1446 his
1995 1398 2139 1463 plans
2163 1399 2279 1447 thus
2302 1398 2389 1448 far.

921 1529 1154 1610 [Enter
1178 1531 1466 1589 DEMIPHO
1495 1533 1629 1588 and
1648 1532 1820 1590 ΟΕΓΑ
1839 1531 2013 1605 from
2041 1533 2289 1606 Forum,
2320 1530 2410 1611 R.]

1188 1680 1542 1736 DEMIPHO
1946 1681 2152 1739 ΟΕΤΑ

1287 1788 1456 1824 SENEX
1956 1787 2150 1824 SERVOS

410 1894 465 1951 V
492 1920 519 1950 2
589 1894 704 1952 DE.
735 1894 1054 1968 Nostrapte
1084 1894 1258 1968 culpa
1287 1894 1534 1951 facimus
1562 1904 1628 1951 ut
1656 1895 1821 1951 malis
1850 1893 2130 1968 expediat
2158 1896 2307 1966 esse,

734 1992 893 2048 Dum
923 1991 1169 2048 nimium
1198 1990 1319 2049 dici
1347 1996 1456 2049 nos
1485 1991 1677 2049 bonos
1704 1990 2009 2049 studemus
2038 2001 2099 2048 et
2125 1992 2431 2066 benignos,

736 2089 828 2145 Ita
857 2088 1041 2163 fugias
1069 2106 1145 2146 ne
1174 2090 1410 2164 praeter
1436 2107 1655 2160 casam,
1684 2087 1848 2163 quod
1877 2088 2053 2146 aiunt.
2139 2107 2337 2146 nonne
2367 2089 2429 2147 id
2458 2092 2546 2147 sat
2576 2099 2719 2162 erat,

732 2187 1019 2260 Accipere
1048 2186 1125 2244 ab
1152 2185 1252 2244 illo
1281 2186 1551 2243 iniuriam
1566 2187 1594 2243 ?
1635 2186 1814 2243 etiam
1843 2187 2206 2261 argentumst
2232 2187 2384 2244 ultro
2412 2186 2733 2259 obiectum,

410 2282 530 2342 770
730 2284 811 2340 Vt
838 2286 912 2342 sit
938 2282 1041 2358 qui
1068 2283 1248 2355 uiuat,
1280 2283 1424 2341 dum
1453 2283 1613 2341 aliud
1644 2282 1866 2357 aliquid
1896 2283 2076 2358 flagiti
2103 2283 2400 2341 conficiat.
2902 2311 2929 2360 5

588 2381 703 2440 GE.
734 2381 1109 2439 Planissume.
1197 2383 1312 2439 DE.
1377 2382 1478 2439 Eis
1535 2399 1692 2438 nunc
1748 2381 2145 2456 praemiumst‚
2203 2381 2303 2456 qui
2358 2383 2522 2439 recta
2575 2399 2760 2456 praua

1214 2478 1452 2537 faciunt.

586 2576 700 2635 ΟΕ.
727 2577 1080 2634 Verissume.
1166 2578 1282 2633 DE.
1323 2577 1405 2633 Vt
1432 2576 1788 2634 stultissume
1816 2575 2060 2651 quidem
2089 2575 2168 2633 illi
2196 2593 2321 2632 rem
2349 2579 2716 2650 gesserimus·

587 2674 699 2731 GE.
732 2671 922 2731 Modo
950 2683 1015 2730 ut
1042 2673 1157 2731 hoc
1187 2673 1435 2732 consilio
1463 2674 1686 2747 possiet
1714 2672 1961 2745 discedi,
1992 2682 2055 2730 ut
2082 2673 2254 2730 istam
2282 2673 2480 2731 ducat.

587 2772 702 2828 DE.
740 2770 1111 2848 (anxiousgy)
1153 2771 1428 2828 Etiamne
1463 2769 1525 2827 id
1560 2770 1904 2829 dubiumst?
1984 2772 2096 2830 ΟΕ.
2141 2769 2327 2828 Haud
2369 2770 2495 2828 scio
2536 2770 2754 2844 hercle,

1210 2878 1274 2925 ut
1302 2868 1557 2941 homost,
1588 2886 1665 2926 an
1695 2878 1882 2926 mutet
1910 2869 2191 2939 animum.

407 2965 444 3022 7
448 2965 485 3022 7
486 2964 526 3022 5
583 2967 697 3023 DE.
737 2965 833 3041 (in
884 2965 1113 3042 alarm)
1167 2967 1349 3039 Hem,
1393 2970 1582 3024 mutet
1631 2967 1872 3024 autem?
1952 2967 2067 3025 ΟΕ.
2117 2965 2339 3023 Nescio
2360 2985 2378 3038 3
2428 2967 2655 3038 uerum,
2706 2965 2755 3023 si
2873 2994 2931 3025 10

1212 3064 1382 3136 forte,
1413 3064 1568 3123 dico.

583 3160 698 3218 DE.
730 3161 824 3218 Ita
851 3161 1081 3233 faciam,
1110 3171 1176 3218 ut
1205 3162 1380 3219 frater
1407 3162 1654 3234 censuit,
1683 3172 1749 3219 ut
1776 3165 2022 3220 uxorem
2051 3161 2177 3219 eius
2204 3160 2321 3218 huc
2350 3158 2670 3233 adducam,

729 3258 884 3316 Cum
912 3258 1023 3315 ista
1048 3261 1115 3316 ut
1148 3258 1438 3334 loquatur.
1521 3262 1603 3332 tu,
1634 3260 1806 3331 Geta,
1836 3258 1934 3317 abi
1974 3276 2136 3334 prae,
2166 3257 2372 3315 nuntia
2412 3257 2566 3314 hanc
2607 3274 2751 3314 uen-

1210 3360 1414 3413 turam.
1771 3357 1965 3434 (Exit
1983 3357 2109 3414 into
2137 3355 2482 3414 CHREMES’S
2509 3352 2743 3431 house.)

581 3453 697 3512 GE.
735 3451 1155 3529 (soliloquizes)
1212 3454 1537 3528 Argentum
1585 3454 1947 3513 inuentumst
2005 3452 2329 3513 Phaedriae
2350 3472 2369 3527 3
2428 3452 2505 3510 de
2561 3450 2750 3529 iurgio

1208 3549 1408 3610 siletur
1426 3570 1446 3626 5
