3209 4109
257 242 453 335 i'.2.99.]
660 259 665 266 ’
1334 266 1700 317 PHORMJO.
2449 267 2454 274 ·
2721 266 2784 318 13

436 450 551 508 DA.
583 450 745 523 Non,
772 451 823 507 si
850 447 1118 522 redisset,
1148 450 1205 507 ei
1233 457 1403 524 pater
1430 446 1667 524 ueniam
1696 444 1911 506 daret?

258 570 315 619 70
408 575 409 578 ¹
436 549 551 608 (ΞΕ.
581 546 690 607 Ille
718 545 1049 606 indotatam
1076 543 1364 622 uirginem
1394 553 1571 621 atque
1601 544 1923 621 ignObilem
2131 568 2138 573 ·
2242 615 2246 620 .
2664 541 2781 607 12‘0

580 646 767 704 Daret
792 644 916 703 illi?
955 661 1281 719 numquam
1313 643 1553 702 faceret.
1638 644 1755 702 DA.
1801 641 1964 718 Quid
1992 642 2059 702 fit
2085 641 2390 719 denique?

435 744 550 804 GE.
580 741 743 818 Quid
772 742 876 801 fiat
890 744 918 800 ?
960 751 1049 801 est
1077 743 1362 818 parasitus
1391 739 1637 816 quidam
1668 739 1970 814 Phormio,

582 842 792 899 Homo
820 838 1166 898 confidens:
1205 838 1498 918 (angn‘ly)
1540 838 1643 914 qui
1673 837 1835 896 illum
1866 837 1929 897 di
1957 856 2165 897 omnes
2196 837 2514 915 perduint!

437 939 553 997 DA.
584 936 748 1012 Quid
775 937 824 995 is
853 936 1036 995 fecit?
1116 938 1230 997 GE.
1276 938 1417 995 Hoc
1447 936 1759 994 consilium
1788 935 1952 1011 quod
1980 934 2177 995 dicam
2206 934 2412 996 dedit:

260 1061 311 1110 75
581 1039 598 1066 ‘
617 1035 744 1093 LeX
771 1036 862 1093 est
887 1043 953 1093 ut
981 1033 1181 1106 orbae,
1212 1036 1313 1109 qui
1342 1034 1457 1092 sint
1487 1051 1706 1109 genere
1735 1034 2026 1109 proxumi,
2659 1032 2774 1091 125

583 1132 687 1191 Eis
713 1132 959 1204 mibant,
989 1140 1050 1189 et
1077 1131 1205 1190 illos
1233 1130 1455 1189 ducere
1487 1130 1700 1189 eadem
1731 1130 1878 1189 haec
1906 1130 2002 1189 lex
2028 1131 2211 1191 iubet.

582 1229 715 1306 Ego
744 1232 804 1289 te
833 1238 1152 1306 cognatum
1181 1228 1378 1287 dicam
1411 1238 1471 1288 et
1500 1228 1607 1287 tibi
1637 1229 1890 1312 scribam
1919 1228 2158 1303 dicam3

581 1329 898 1387 Paternum
926 1327 1183 1385 amicum
1212 1345 1308 1385 me
1339 1325 1709 1385 adsimulabo
1734 1326 2009 1402 uirginis:

578 1424 674 1485 Ad
700 1424 928 1485 iudices
959 1424 1301 1484 ueniemus:
1349 1424 1450 1500 qui
1481 1424 1654 1482 fuerit
1683 1432 1867 1499 pater,

258 1537 317 1584 80
582 1523 753 1599 Quae
782 1525 987 1596 mater,
1017 1522 1120 1598 qui
1148 1524 1402 1598 cognata
1432 1522 1538 1581 tibi
1568 1522 1659 1594 sit,
1690 1521 1890 1581 omnia
1916 1521 2068 1581 haec
2656 1525 2773 1585 130

581 1621 971 1697 Confingam:
1017 1619 1181 1696 quod
1211 1621 1321 1679 erit
1350 1620 1494 1678 mihi
1522 1620 1747 1679 bonum
1774 1628 1951 1695 atque
1982 1619 2390 1695 commodum,

584 1719 785 1794 Quom
812 1728 876 1777 tu
904 1718 1116 1778 horum
1143 1718 1227 1777 nil
1254 1718 1501 1791 refelleS,
1531 1718 1769 1776 uincam
1798 1717 2040 1776 scilicet.

586 1818 760 1875 Pater
786 1815 1012 1876 aderit:
1058 1815 1205 1874 mihi
1232 1819 1469 1893 paratae
1499 1816 1666 1875 lites:
1713 1814 1856 1891 quid
1886 1816 2063 1875 mea?

583 1914 693 1972 Illa
717 1912 962 1989 quidem
988 1923 1189 1972 nostra
1217 1915 1365 1973 erit!
1449 1915 1565 1973 DA.
1612 1913 1944 1972 Iocularem
1973 1911 2282 1973 audaciam
2309 1913 2323 1973 ἔ

258 2025 312 2086 85
441 2013 557 2072 (ΞΕ.
589 2013 990 2071 Persuasumst
1017 2011 1282 2071 homini:
1327 2012 1640 2071 factumst:
1684 2020 2020 2070 uentumst:
2064 2011 2391 2072 uincimur:
2652 2015 2767 2074 135

583 2110 786 2169 Duxit.
868 2110 985 2168 DA.
1035 2108 1199 2184 Quid
1239 2127 1437 2169 narras
1451 2111 1481 2168 Ρ
1561 2110 1675 2170 (ΞΕ.
1727 2111 1870 2169 Hoc
1911 2108 2076 2185 quod
2118 2110 2305 2170 audis.
2387 2112 2504 2170 DA.
2549 2095 2609 2173 O

1063 2208 1238 2280 Geta,

582 2304 745 2381 Quid
775 2306 834 2365 te
863 2305 1216 2365 futurumst?
1296 2307 1409 2366 (ΞΕ.
1454 2305 1679 2365 Nescio
1708 2305 1904 2365 hercle
1927 2326 1944 2379 3
1987 2324 2170 2364 unum
2199 2306 2315 2365 hoc
2343 2305 2487 2381 scio,

584 2402 766 2479 Quod
795 2404 913 2463 fors
941 2404 1107 2477 feret,
1138 2404 1392 2463 feremus
1420 2422 1613 2480 aequo
1642 2404 1860 2463 animo.
1944 2406 2058 2463 DA.
2104 2405 2341 2464 Placet:

581 2502 717 2574 Em,
746 2502 896 2560 istac
924 2502 1088 2560 uirist
1115 2501 1394 2560 officium.
1479 2503 1594 2561 GE.
1640 2504 1712 2561 In
1741 2520 1838 2559 me
1868 2502 2058 2560 omnis
2087 2505 2222 2578 spes
2250 2502 2469 2563 mihist.

259 2626 317 2670 90
436 2600 552 2657 DA.
584 2598 809 2658 Laudo.
892 2600 1007 2659 (ΞΕ.
1051 2588 1153 2658 Ad
1181 2608 1552 2676 precatorem
1581 2598 1797 2659 adeam
1826 2599 2030 2672 cred0,
2058 2602 2160 2675 qui
2187 2600 2333 2659 mihi
2653 2603 2770 2661 140

581 2696 678 2755 Sic
705 2700 871 2756 oret:
915 2700 934 2729 ‘
951 2715 1109 2755 nunc
1136 2701 1341 2756 amitte
1369 2713 1591 2773 quaeso
1621 2697 1778 2756 hunc
1799 2717 1817 2770 3
1860 2699 2126 2756 ceterum

582 2793 836 2852 Posthac
864 2794 913 2853 si
940 2793 1278 2870 quicquam,
1308 2795 1390 2853 nss
1420 2797 1671 2871 precor.’
1755 2797 1985 2854 tantum
2016 2793 2201 2855 modo

584 2892 642 2949 N
647 2909 726 2950 on
753 2890 956 2951 addit:
1001 2896 1020 2925 ‘
1036 2892 1139 2952 ubi
1170 2911 1282 2969 ego
1310 2893 1448 2952 hinc
1477 2892 1700 2966 abiero,
1728 2893 1825 2951 uel
1853 2892 2152 2953 occidito.’

439 2989 556 3047 DA.
586 2988 750 3063 Quid
776 2988 1157 3066 paedagogus
1184 2991 1298 3064 ille,
1329 2990 1432 3067 qui
1459 2990 1912 3050 citharistriam?

259 3109 314 3159 95
587 3081 751 3162 Quid
777 3089 863 3146 rei
888 3088 1038 3163 gerit
1052 3090 1080 3146 Ρ
1160 3088 1274 3148 (ΞΕ.
1307 3088 1483 3168 (with
1505 3108 1545 3147 a
1573 3086 1786 3166 slzrug)
1816 3088 1931 3162 Sic,
1954 3087 2225 3148 tenuiter.
2306 3089 2423 3150 DA.
2465 3087 2608 3149 Non
2652 3089 2767 3148 145

1062 3186 1311 3245 maltum
1340 3186 1521 3245 habet

583 3279 764 3356 Quod
792 3280 896 3342 det
924 3282 1214 3343 sortasse?
1294 3284 1409 3344 (ΞΕ.
1453 3267 1651 3344 immo
1679 3283 1763 3342 nil
1789 3283 1901 3343 nisi
1929 3285 2098 3360 spem
2127 3302 2372 3344 meram.

437 3378 554 3438 DA.
585 3380 759 3438 Pater
785 3381 909 3439 eius
937 3379 1115 3440 rediit
1141 3382 1218 3439 an
1245 3384 1410 3441 non?
1477 3383 1590 3442 (ΞΕ.
1624 3383 1764 3442 Non
1794 3381 1957 3441 dum.
2028 3384 2144 3441 DA.
2175 3381 2380 3457 Quid?
2405 3399 2611 3442 senem

582 3476 799 3551 Quoad
829 3479 1154 3553 expectatis
1181 3483 1444 3538 nostrum
1460 3481 1488 3537 Ρ
1568 3480 1684 3539 (ΞΕ.
1729 3480 1870 3539 Non
1898 3482 2126 3538 certum
2152 3478 2298 3554 scio.

580 3572 701 3636 Sed
729 3575 1039 3654 epistulam
1067 3576 1144 3636 ab
1172 3593 1246 3638 eo
1274 3575 1534 3637 adlatam
1565 3594 1695 3639 esse
1724 3575 1925 3639 audiui
1953 3576 2139 3640 modo
