3209 4109
411 133 641 201 iii.4.20.]
1485 132 1849 182 PHORMIO.
2856 135 2921 187 31

409 315 507 373 111
531 341 551 372 ι
590 315 707 374 An.
737 310 828 389 (to
854 312 1105 388 himself,
1137 321 1244 372 not
1262 312 1570 387 observing
1596 310 1799 389 om)
1837 297 2017 371 Enim
2058 331 2222 387 uero,
2250 314 2536 391 Antipho,
2568 315 2758 375 multi-
2801 316 2920 375 465

409 1708 467 1741 10

406 2488 459 2537 ι5

1209 408 1402 469 modis
1430 427 1569 468 cum
1598 412 1748 468 istoc
1778 410 1977 468 animo
2007 428 2070 468 es
2097 410 2557 486 uituperandus:

727 492 896 568 itane
925 516 985 566 te
1013 506 1152 566 hinc
1180 506 1368 566 abisse
1400 515 1461 565 et
1486 506 1672 565 uitam
1702 509 1864 565 tuam
1893 507 2202 567 tutandam
2230 508 2355 567 aliis
2386 508 2626 569 dedisse
2655 513 2667 569 Ξ

729 596 898 665 Alios
925 615 1088 664 tuam
1116 622 1242 663 rem
1276 603 1582 663 credidisti
1621 604 1809 681 magis
1850 623 2031 681 quam
2073 613 2196 664 tete
2235 607 2499 665 animum
2542 607 2754 667 aduor-

1213 720 1376 762 suros
1390 703 1419 760 Ρ

731 799 890 861 Nam
918 804 984 861 ut
1010 810 1076 860 ut
1117 809 1282 859 erant
1324 799 1454 874 alia,
1483 799 1565 859 illi
1605 809 1772 860 certe
1811 803 1964 877 quae
2005 819 2165 860 nunc
2207 801 2315 862 tibi
2356 801 2575 862 domist
2616 822 2759 863 con-

1212 897 1448 972 suleres,

731 998 827 1056 Ne
855 996 1001 1073 quid
1028 1006 1272 1073 propter
1301 998 1463 1055 tuam
1490 995 1675 1054 fidem
1703 994 1961 1073 decepta
1987 1000 2294 1073 poteretur
2321 997 2460 1056 mali
2480 1019 2499 1072 3

730 1095 889 1170 Quoi
915 1113 1075 1153 nunc
1104 1095 1352 1153 miserae
1383 1095 1520 1171 spes
1548 1112 1813 1170 opesque
1843 1097 1979 1153 si'mt
2005 1094 2068 1153 in
2096 1104 2154 1153 te
2183 1113 2305 1154 uno
2332 1098 2541 1156 omnes
2571 1096 2736 1156 sitae.
2799 1097 2917 1155 470

585 1193 701 1254 GE.
739 1193 1000 1273 (coming
1017 1191 1354 1270 forzvard)
1395 1194 1474 1251 Et
1515 1192 1778 1269 quidem,
1809 1211 1926 1266 ere,
1968 1212 2078 1252 nos
2120 1193 2237 1251 iam
2281 1192 2510 1252 dudum
2554 1194 2652 1252 hic
2697 1204 2755 1253 te

1206 1291 1514 1351 absentem
1540 1294 1893 1364 incusamuS,
1923 1291 2024 1366 qui
2053 1290 2282 1350 abieris.

583 1390 700 1449 ΑΝ.
725 1388 817 1448 Te
848 1388 1045 1465 ipsam
1087 1388 1463 1465 quaerebam.
1549 1390 1665 1449 GE.
1707 1387 1827 1448 sed
1869 1406 1942 1447 ea
1980 1406 2159 1447 causa
2198 1388 2383 1449 nihilo
2425 1390 2610 1466 magis
2651 1390 2755 1449 de-

1211 1486 1473 1546 fecimus,

584 1586 698 1644 AN.
727 1585 998 1660 Loquere
1029 1584 1296 1657 obsecro,
1320 1602 1441 1660 quo
1469 1603 1608 1643 nam
1637 1587 1699 1644 in
1724 1584 1862 1644 loco
1891 1594 2024 1644 sunt
2053 1587 2144 1643 res
2175 1595 2235 1643 et
2256 1584 2523 1644 fortunae
2546 1603 2715 1644 meae
2730 1587 2760 1645 ἲ

731 1682 894 1740 Num
921 1681 1067 1758 quid
1093 1682 1246 1759 patri
1276 1681 1549 1741 subolet?
1630 1684 1744 1742 GE.
1789 1682 1891 1741 Nil
1919 1683 2116 1741 etiam.
2199 1684 2312 1740 AN.
2358 1681 2593 1758 Ecquid
2628 1683 2757 1758 spei

1212 1781 1488 1856 porrost?
1549 1781 1663 1839 GE.
1688 1780 1931 1839 Nescio.
1990 1781 2106 1838 AN.
2137 1780 2588 1858 (despain‘ngly)
2619 1780 2712 1838 Ah
2740 1785 2753 1839 ἔ

585 1878 700 1938 GE.
731 1877 862 1936 Nisi
891 1875 1180 1936 Phaedria
1206 1876 1366 1936 haud
1394 1877 1648 1936 cessauit
1675 1896 1784 1953 pro
1812 1886 1872 1935 te
1902 1877 2064 1936 eniti.
2147 1878 2259 1935 AN.
2306 1877 2406 1936 Nil
2435 1877 2575 1937 fecit
2596 1879 2755 1936 noui.
2797 1878 2876 1936 47
2878 1877 2916 1936 5

583 1975 698 2035 GE.
726 1975 883 2033 Tum
912 1973 1191 2035 Phormio
1217 1973 1425 2033 itidem
1453 1974 1514 2033 in
1541 1975 1655 2033 hac
1683 1993 1747 2034 re
1789 1983 1854 2033 ut
1889 1973 2014 2054 [in]
2050 1974 2176 2033 aliis
2218 1977 2521 2033 strenuom
2562 1974 2752 2033 homi-

1209 2090 1350 2131 nem
1378 2072 1668 2148 praebuit.

582 2170 698 2229 AN.
728 2169 893 2245 Quid
914 2169 962 2229 is
984 2169 1168 2229 fecit?
1215 2170 1330 2230 GE.
1359 2170 1707 2230 Confutauit
1727 2170 1924 2231 uerbis
1945 2169 2272 2229 admodum
2293 2170 2508 2229 iratum
2529 2188 2754 2229 senem.

582 2268 698 2327 ΑΝ.
735 2267 1061 2346 (ἰογοιιεζγ)
1101 2268 1214 2342 Eu,
1244 2267 1523 2328 Phermio
1551 2270 1564 2327 Ξ
1648 2268 1764 2328 GE.
1808 2269 1939 2344 Ego
1966 2267 2131 2344 quod
2160 2268 2328 2343 petui
2356 2286 2554 2343 porro,
2637 2269 2753 2327 AN.

1211 2367 1301 2425 Mi
1330 2367 1503 2439 Geta,
1533 2365 1725 2426 omnis
1754 2369 1862 2425 uos
1890 2384 2045 2425 amo,
2181 2379 2188 2386 “

586 2464 701 2524 GE.
730 2464 826 2523 Sic
854 2462 1077 2522 habent
1104 2462 1396 2540 principia
1423 2481 1553 2523 sese
1580 2473 1646 2521 ut
1675 2463 1831 2522 dixi:
1864 2463 2060 2522 adhuc
2088 2463 2398 2538 tranquilla
2424 2481 2517 2522 res
2546 2473 2653 2537 est,

728 2561 1159 2637 Mansurusque
1206 2563 1481 2637 patruom
1529 2571 1702 2637 pater
1747 2571 1854 2635 est,
1899 2561 2044 2620 dum
2091 2561 2209 2619 huc
2258 2560 2556 2619 adueniat.
2638 2563 2754 2620 AN.
2795 2560 2913 2620 480

1208 2657 1371 2733 Quid
1400 2677 1535 2717 eum
1551 2660 1580 2717 Ρ
1661 2660 1776 2719 GE.
1815 2659 1898 2717 Vt
1926 2659 2083 2718 aibat

727 2756 822 2815 De
851 2758 976 2816 eius
1004 2755 1253 2816 consilio
1281 2758 1409 2815 sese
1440 2756 1593 2815 uelle
1625 2758 1818 2815 facere
1847 2754 2011 2832 quod
2040 2756 2117 2816 ad
2146 2757 2299 2815 hanc
2328 2775 2455 2816 rem
2482 2757 2710 2816 attinet.

580 2855 697 2913 ΑΝ.
726 2854 1030 2929 Quantum
1074 2854 1317 2913 metuist
1361 2853 1522 2927 mihi,
1567 2853 1773 2913 uidere
1818 2854 1935 2913 huc
1980 2854 2206 2913 saluom
2252 2872 2411 2912 nunc
2459 2858 2754 2931 patruom,

1210 2952 1406 3012 Geta!

725 3050 884 3108 Nam
911 3052 1021 3127 per
1048 3050 1173 3110 eius
1200 3068 1399 3124 unam,
1426 3055 1493 3109 ut
1523 3048 1724 3125 audiO,
1751 3059 1855 3109 aut
1885 3050 2085 3109 uiuam
2126 3053 2229 3110 afit
2272 3050 2489 3110 moriar
2515 3053 2751 3111 senten-

1206 3148 1368 3207 tiam.

579 3244 695 3304 GE.
732 3243 957 3322 (seeing
973 3248 1286 3305 PHAEDRIA
1306 3247 1538 3322 coming
1551 3245 1686 3324 out)
1720 3245 2010 3305 Phaedria
2029 3245 2138 3306 tibi
2158 3246 2342 3314 adest.
2421 3248 2535 3305 AN.
2567 3245 2753 3323 (look-

1204 3344 1309 3419 ing
1329 3343 1610 3420 around)
1646 3344 1763 3403 Vbi
1791 3345 1972 3402 nam?
2053 3345 2168 3404 GE.
2206 3343 2516 3421 (pointing
2543 3351 2600 3401 to
2630 3345 2752 3401 Do-

1205 3442 1358 3500 mo’s
1382 3440 1591 3519 house)
1624 3441 1853 3499 Eccum
1880 3440 1957 3500 ab
1985 3442 2092 3500 sua
2117 3440 2411 3516 palaestra
2438 3443 2558 3498 exit
2583 3441 2753 3499 foras·
