3209 4109
305 269 374 327 ⁵8
1378 267 1743 323 PHORMIO.
2596 272 2819 340 [γαιη-

629 453 790 531 Quia
813 471 893 514 ne
920 452 1164 514 Alteram
1191 449 1439 530 quidem
1469 453 1629 514 illam
1656 463 1871 531 potero
1898 453 2117 516 ducere
2138 476 2157 530 3

630 554 790 613 Nam
817 555 940 629 quc
966 550 1176 612 redibo
1203 568 1308 611 ore
1336 551 1416 612 ad
1445 569 1580 611 eam
1606 570 1789 628 quam
1817 554 2320 630 contempserim?

483 651 603 713 Cn.
641 650 855 730 (aude,
870 652 1218 727 prompting
1240 649 1562 728 Damno)
1594 654 1612 683 ‘
1628 651 1787 711 Tum
1814 660 2015 712 autem
2042 642 2455 730 Antiphonem
2475 652 2657 712 uideo

1111 748 1190 809 ab
1217 766 1347 808 sese
1375 751 1649 808 amittere

628 848 890 907 Inuitum
911 847 1071 905 eam’
1094 845 1294 922 inque.
1365 848 1480 907 Dr..
1509 845 1871 925 (repeating)
1894 848 2052 908 Tum
2072 851 2272 908 autem
2292 847 2474 908 uideo
2494 848 2678 908 fllium

306 944 427 1006 920
628 945 889 1004 Inuitum
917 961 1058 1004 sane
1085 943 1396 1004 mulierem
1424 944 1502 1004 ab
1529 963 1592 1004 se
1623 948 1913 1005 amittere.

629 1041 750 1103 Sed
778 1040 958 1102 transi
985 1041 1162 1101 sodes
1189 1040 1267 1102 Ad
1296 1043 1488 1102 forum
1516 1053 1697 1119 atque
1729 1042 1873 1102 illud
1903 1042 2049 1102 mihi

620 1131 953 1218 'Argentum
981 1158 1208 1199 rursum
1235 1139 1374 1200 iube
1402 1141 1663 1215 rescribi,
1695 1141 1992 1201 Phormio,

486 1241 598 1298 ΡΗ.
627 1238 885 1314 Quodne
915 1240 1030 1314 ego
1058 1236 1330 1314 discripsi
1357 1243 1536 1315 perro
1562 1239 1676 1298 illis
1703 1238 1917 1314 quibus
1945 1238 2124 1299 debui
2138 1240 2167 1298 ?

486 1338 604 1396 De.
633 1335 796 1411 Quid
824 1336 997 1412 igitur
1023 1336 1168 1395 fiet?
1248 1338 1359 1395 ΡΗ.
1402 1338 1461 1397 Si
1487 1335 1578 1396 uis
1605 1336 1690 1395 mi
1716 1338 1962 1396 uxorem
1992 1335 2155 1410 dare,

307 1434 428 1495 925
630 1434 828 1509 Quam
855 1431 1249 1510 despondisti,
1276 1433 1533 1508 ducam,
1519 1454 1532 1468 ·
1576 1434 1668 1493 sin
1697 1444 1786 1493 est
1813 1438 1879 1493 1'1t
1905 1434 2054 1494 uelis

629 1533 878 1591 Manere
907 1531 1067 1590 illam
1094 1531 1255 1607 apud
1293 1541 1372 1606 te,
1403 1530 1513 1592 dbs
1555 1532 1654 1591 hic
1691 1531 2052 1611 (indicating
2087 1530 2362 1609 himself)
2402 1539 2657 1604 maneat,

1113 1629 1433 1706 Demipho,

631 1728 792 1787 Nam
818 1731 941 1788 n6n
969 1736 1059 1787 est
1085 1745 1341 1803 aequom
1368 1730 1465 1786 me
1494 1737 1741 1803 propter
1766 1746 1874 1787 uos
1902 1727 2123 1803 decipi,

631 1826 833 1901 Quom
862 1843 976 1902 ego
1001 1825 1186 1885 uestri
1212 1824 1454 1884 honoris
1481 1827 1662 1883 causa
1690 1823 2004 1901 repudium
2032 1826 2250 1884 alterae

633 1922 1005 1996 Remiserim,
1032 1939 1187 1997 quae
1214 1921 1372 1982 dctis
1400 1923 1754 1981 tantundem
1781 1922 1982 1982 dabat.

309 2019 430 2081 930
488 2021 604 2079 DE.
642 2018 933 2099 (augy-ily)
973 2021 1063 2079 In'
1093 2023 1154 2080 in
1180 2020 1398 2079 malam
1427 2038 1554 2079 rem
1583 2019 1723 2079 hinc
1752 2039 1890 2079 cum
1919 2023 2065 2080 istac
2094 2019 2551 2096 magnificentia,

635 2118 684 2176 F
687 2118 948 2194 ugitiue?
988 2118 1168 2176 etiam
1195 2135 1353 2176 nunc
1381 2116 1575 2177 credis
1604 2127 1665 2177 te
1694 2117 2014 2195 ignormer

632 2217 750 2274 Aut
778 2218 879 2275 tua
908 2215 1064 2274 facta
1091 2215 1245 2275 adeo
1259 2216 1288 2274 ?
1356 2217 1465 2274 ΡΗ.
1503 2216 1602 2294 (in
1618 2216 1949 2293 pretended
1966 2215 2179 2292 anger)
2217 2185 2469 2274 Inritor!
2540 2215 2657 2273 ΒΕ.

1110 2313 1283 2372 Tune
1310 2313 1464 2371 hanc
1493 2313 1767 2389 ducereS,

633 2411 694 2471 Si
714 2411 820 2470 tibi
841 2410 1119 2470 daretur?
1161 2412 1270 2470 ΡΗ.
1296 2412 1416 2469 Fac
1437 2411 1745 2486 periclum.
1792 2413 1908 2471 DE.
1931 2411 2103 2491 (with
2127 2430 2168 2469 a
2190 2408 2385 2487 sneer)
2406 2412 2485 2468 Vt
2507 2409 2657 2468 filius

634 2509 790 2569 Cum
818 2508 915 2567 illa
942 2508 1167 2568 habitet
1194 2508 1357 2584 apud
1384 2518 1444 2567 te
1468 2530 1481 2568 :
1527 2509 1643 2567 hoc
1670 2512 1935 2582 uestrum
1963 2509 2274 2567 consilium
2303 2508 2428 2566 fuit.

310 2606 430 2667 935
492 2609 603 2666 ΡΗ.
633 2607 874 2681 Quaeso
901 2605 1049 2681 quid
1076 2607 1316 2666 narras?
1398 2607 1512 2666 DE.
1558 2607 1719 2681 Quin
1749 2616 1812 2665 tu
1843 2605 1925 2664 mi
1953 2609 2259 2682 argentum
2286 2602 2463 2663 cedo,

494 2707 604 2763 ΡΗ.
635 2705 833 2763 Immo
859 2706 1004 2762 uero
1030 2722 1275 2763 uxorem
1303 2706 1367 2763 tu
1397 2703 1572 2763 cedo,
1657 2705 1773 2763 DE.
1819 2704 1893 2762 In
1919 2702 2007 2762 ius
2036 2702 2291 2762 ambula.

494 2804 604 2861 ΡΗ.
637 2802 815 2860 Enim
842 2803 986 2861 uero
1014 2801 1064 2861 si
1091 2818 1268 2877 porro
1297 2803 1425 2860 esse
1454 2800 1648 2860 odiosi
1674 2801 1918 2877 pergitis
1962 2845 1976 2860 .
2022 2844 2037 2860 .

489 2900 603 2958 DE.
637 2898 797 2973 Quid
827 2899 1050 2958 facies?
1130 2900 1239 2958 ΡΗ.
1284 2899 1538 2974 Egone?
1575 2904 1685 2958 uos
1715 2916 1810 2957 me
1840 2897 2119 2956 indotatis
2150 2894 2333 2957 modo

634 2995 992 3056 Patrocinari
1019 2997 1264 3055 fcrtasse
1293 2996 1653 3056 arbitremini
1677 3019 1690 3055 :

309 3093 429 3153 940
634 3094 831 3152 Etiaxn
879 3092 1096 3152 dotatis
1144 3095 1328 3154 selec.
1413 3095 1530 3155 Cn.
1582 3092 1745 3168 Quid
1795 3092 1859 3152 id
1903 3095 2143 3151 nostra?
2190 3134 2207 3143 -
2225 3095 2336 3152 ΡΗ.
2389 3091 2568 3171 (with
2617 3109 2657 3150 a

1112 3194 1358 3250 careless
1384 3191 1515 3271 air)
1554 3192 1737 3250 Nihil.

632 3290 755 3347 Hic
810 3288 1112 3364 quendam
1165 3307 1391 3363 noram,
1439 3291 1650 3364 quoius
1704 3289 1796 3347 uir
1842 3306 2087 3348 uxorem
2171 3289 2288 3349 CH.
2336 3284 2649 3367 (starting)

1117 3388 1301 3446 Hem.
1385 3387 1499 3445 DE.
1537 3386 1628 3466 (to
1657 3384 1984 3462 CHREMES)
2025 3386 2186 3461 Quid
2219 3385 2350 3445 est?

489 3484 599 3542 ΡΗ.
629 3484 842 3541 Lemni
882 3483 1087 3542 habuit
1129 3484 1339 3543 aliam:
1424 3484 1540 3543 Cn.
1592 3484 1684 3561 (to
1727 3482 1979 3558 lumself,
2021 3484 2086 3543 in
2130 3480 2395 3560 despair)
2448 3481 2657 3541 Nullus

1115 3600 1264 3639 sum.
1349 3583 1459 3639 ΡΗ.
1505 3599 1578 3639 ex
1604 3600 1724 3656 qua
1752 3581 1932 3640 filiam

2761 678 2814 727 25

2761 1847 2815 1897 35

2763 2921 2818 2970 45
