3209 4109
449 236 518 285 44
1532 234 1910 299 PHORMIQ
2759 233 2965 301 [iv.5.1-

1004 416 1364 474 DEmPHo
1607 415 1975 475 CHREMES
2216 416 2425 475 GE‘rA

1095 523 1255 560 SENES
1766 523 1808 560 11
2225 524 2421 561 snvos

454 630 542 688 IV
571 654 593 703 5
631 630 748 690 DE.
786 629 875 706 (to
916 627 1242 705 CHREMES)
1295 629 1544 703 Quietus
1586 638 1735 702 esto,
1779 628 2058 705 inquam:
2110 631 2224 705 ego
2266 629 2489 688 curabo
2536 632 2612 688 ne
2660 627 2805 706 quid

1255 727 1576 785 uerborum
1606 725 1755 786 duit.

776 826 918 883 Hoc
955 824 1264 904 (pointing
1286 832 1343 881 to
1372 824 1466 882 the
1495 822 1726 900 money)
1763 827 1989 883 temere
2016 842 2340 900 numquam
2383 828 2650 884 amittam
2691 843 2806 901 ego

1257 940 1293 980 a
1319 939 1435 994 me,
1465 925 1611 996 quin
1638 922 1784 980 mihi
1813 922 1977 981 testis
2004 922 2324 981 adhibeam
2348 944 2362 981 ε

453 1019 572 1078 715
775 1020 934 1094 Quoi
955 1018 1097 1077 dem
1119 1021 1180 1077 et
1201 1037 1381 1094 quam
1403 1020 1484 1078 ob
1503 1037 1630 1078 rem
1652 1018 1813 1093 dem,
1837 1020 2344 1079 commemorabo·
2421 1020 2539 1079 GE.
2570 1018 2794 1099 (aside)

1252 1117 1334 1174 Vt
1361 1119 1568 1174 cautus
1596 1125 1704 1189 est,
1733 1116 1837 1175 ubi
1864 1116 1946 1175 nil
1975 1126 2171 1192 opust.

631 1215 746 1274 ΕΗ.
779 1217 972 1289 Atque
1001 1218 1083 1272 ita
1110 1232 1260 1289 opus
1294 1215 1543 1273 factost:
1589 1215 1651 1272 et
1693 1223 1939 1288 matura,
1968 1213 2114 1273 dum
2154 1214 2360 1273 lubido
2403 1213 2615 1273 eadem
2657 1214 2806 1273 haec

1255 1321 1456 1369 manet
1476 1332 1494 1385 3

778 1412 933 1467 Nam
963 1410 1011 1467 si
1039 1410 1220 1467 altera
1246 1409 1416 1467 illaec
1444 1410 1631 1485 magis
1660 1410 1919 1482 instabit,
1950 1410 2192 1468 forsitan
2218 1428 2329 1469 nos
2357 1410 2580 1469 reiciat.

630 1509 743 1565 GE.
781 1505 1034 1584 (aloud)
1048 1509 1203 1564 Rem
1230 1507 1419 1581 ipsam
1447 1507 1684 1581 putasti.
1769 1508 1885 1565 DE.
1917 1508 2007 1585 (to
2033 1505 2234 1583 GETA)
2273 1508 2409 1566 Duc
2436 1526 2534 1566 me
2561 1507 2641 1566 ad
2669 1525 2806 1566 eum

1258 1622 1417 1680 ergo.
1503 1606 1616 1663 GE.
1668 1606 1810 1664 Non
1859 1623 2074 1664 moror.
2158 1604 2274 1664 ΕΗ.
2327 1605 2416 1682 (to
2472 1602 2793 1680 DEMIPno)

1259 1701 1376 1760 Vbi
1404 1701 1520 1760 hoc
1550 1702 1758 1778 egeriS,

772 1801 1045 1858 Transito
1088 1799 1165 1857 ad
1205 1801 1452 1858 uxorem
1494 1818 1710 1872 meam,
1752 1810 1818 1858 ut
1859 1801 2178 1859 conueniat
2221 1800 2376 1859 hanc
2417 1801 2578 1876 prius
2624 1818 2805 1875 quam

716 1883 725 1890 ⁸
1258 1897 1396 1955 hinc
1424 1898 1565 1956 abit.

455 1994 573 2053 720
778 1996 957 2053 Dicat
985 2013 1119 2053 eam
1147 1994 1292 2053 dare
1319 2013 1430 2053 nos
1461 1995 1807 2054 Phormioni
1836 1998 2106 2071 nuptum,
2133 2014 2212 2054 ne
2240 1998 2577 2055 suscenseat
2597 2016 2615 2068 ;
2647 2042 2656 2047 -

777 2095 856 2150 Et
883 2094 1071 2169 magis
1101 2111 1228 2151 esse
1257 2093 1419 2150 illurn
1447 2092 1750 2165 idoneum,
1779 2093 1881 2168 qui
1909 2094 2020 2169 ipsi
2049 2094 2123 2152 sit
2151 2093 2527 2167 familiarior3

778 2192 905 2248 Nos
933 2194 1136 2248 nostro
1163 2190 1364 2247 officio
1392 2194 1515 2248 non
1544 2188 1840 2266 digressos
1870 2192 2034 2249 esse:
2079 2199 2366 2265 quantum
2393 2191 2442 2249 is
2469 2191 2740 2263 uoluerit,

777 2289 999 2344 Datum
1040 2289 1167 2345 esse
1210 2286 1384 2346 dotis.
1470 2290 1586 2346 DE.
1633 2287 1794 2362 Quid
1836 2298 1937 2346 tua
1979 2288 2199 2346 malum
2240 2287 2305 2346 id
2347 2290 2409 2345 re
2453 2288 2606 2346 fert?
2685 2288 2802 2347 ΕΗ.

1259 2386 1483 2460 Magni,
1514 2385 1837 2460 Demipho,

777 2484 917 2540 Non
939 2484 1077 2540 satis
1100 2493 1189 2542 est
1211 2493 1375 2541 tuom
1399 2493 1459 2540 te
1482 2483 1741 2540 officium
1764 2483 1993 2556 fecisse,
2012 2483 2074 2542 id
2096 2484 2146 2541 si
2162 2502 2283 2542 non
2300 2484 2457 2542 fama
2474 2482 2800 2559 adprobat:

453 2579 570 2637 725
775 2580 931 2637 Volo
957 2580 1139 2654 ipsius
1167 2598 1405 2654 quoque
1433 2580 1737 2638 uoluntate
1767 2580 1917 2638 haec
1945 2581 2092 2653 fieri,
2122 2582 2196 2638 ne
2232 2599 2297 2639 se
2340 2581 2594 2639 eiectam
2634 2582 2803 2656 prae-

1255 2678 1433 2736 dicet.

632 2776 748 2832 DE.
779 2774 953 2831 Idem
995 2777 1109 2848 ego
1151 2775 1301 2832 istuc
1344 2775 1538 2832 facere
1581 2779 1843 2850 pbssum.
1926 2776 2044 2835 ΕΗ.
2091 2776 2308 2834 Mulier
2348 2775 2597 2833 mulieri*
2617 2774 2803 2850 magis

936 2870 940 2874 “
1258 2873 1557 2931 conuenit.

629 2971 744 3027 DE.
776 2970 1049 3043 Rogabo,
1129 2970 1417 3047 (Exeunt
1437 2972 1727 3028 DEMIPHO
1761 2972 1895 3028 and
1926 2971 2098 3029 Gra-A
2142 2978 2198 3028 to
2240 2971 2486 3043 Forum,
2516 2973 2607 3047 R.)
2685 2970 2803 3029 ΕΗ.

1266 3066 1698 3145 (thoughffully,
1739 3076 1795 3125 to
1836 3067 2112 3144 himself)
2162 3068 2279 3126 Vbi
2320 3067 2447 3126 illas
2487 3071 2646 3125 nunc
2691 3080 2806 3143 ego

1259 3168 1514 3239 reperire
1543 3166 1788 3240 possim,
1818 3165 2039 3241 cogito,

1562 3336 1758 3394 Sem
1802 3340 1857 3395 6.

2939 1434 2960 1482 5

455 3462 763 3520 ΞΟΡΗΗΟΝΑ,
786 3478 936 3511 nurse
958 3463 1019 3511 of
1044 3464 1132 3512 the
1152 3479 1324 3527 young
1345 3470 1570 3529 stranger
1591 3467 1760 3515 whom
1782 3468 2033 3516 ΑΝΤΙΡΗΟ
2054 3467 2147 3516 has
2169 3467 2402 3527 married,
2427 3466 2574 3515 while
2596 3466 2886 3531 expressing
2909 3464 2961 3513 in

539 3542 784 3605 soliloquy
804 3543 896 3590 her
919 3544 1025 3592 sear
1048 3545 1124 3592 for
1145 3546 1233 3594 the
1256 3547 1422 3596 future
1443 3548 1717 3612 happiness
1740 3549 1799 3597 of
1825 3549 1916 3597 her
1939 3549 2139 3613 charge,
2163 3565 2232 3598 on
2266 3554 2482 3598 account
2515 3548 2576 3598 of
2602 3549 2696 3598 her
2719 3547 2962 3611 unkindly
