3209 4109
348 269 573 338 iiis-30]
1418 269 1783 318 PHORMIO.
2791 272 2856 322 33

640 434 966 526 'Vt'neque
996 433 1401 509 misericordia
1426 434 1625 524 neque
1653 448 1930 524 precibus
1960 449 2169 508 molliri
2198 468 2380 525 queas
2407 433 2422 509 !'

518 550 636 608 Do.
674 546 1055 628 (mockingly)
1092 538 1312 606 Adeon
1343 556 1402 606 te
1432 564 1558 605 esse
1597 546 2025 623 incogitantem
2066 556 2243 623 atque
2285 546 2695 623 inpudentem,

642 633 669 642 ”
1067 633 1071 638 ’
1151 642 1458 717 Phaedria,

350 769 398 818 15
666 727 746 801 Vt
774 742 1090 817 phaleratis
1119 740 1303 801 ducas
1334 741 1509 801 dictis
1538 759 1635 800 me
1665 744 1726 800 et
1754 760 1950 800 meam
1979 741 2189 802 ductes
2217 743 2453 818 gratiis!
2737 743 2855 802 500

521 842 637 899 AN.
675 840 870 919 (asecle
911 848 967 898 to
1009 830 1211 916 GETA)
1262 827 1673 933 Miseritumst.
1760 842 1869 899 ΡΗ.
1914 841 2002 919 (to
2044 838 2316 916 lumself)
2366 839 2457 913 Ei,
2499 840 2694 899 uerbis
2799 866 2804 870 ·

1149 934 1394 996 uincor!
1479 937 1594 997 GE.
1634 937 1830 1015 (aszde
1872 946 1929 996 to
1969 937 2275 1016 ANT1PHO)
2313 937 2510 1012 Quam
2538 947 2690 996 uter-

1150 1053 1267 1110 que
1297 1044 1385 1093 est
1414 1034 1618 1093 similis
1646 1035 1773 1094 sui!

530 1135 639 1192 ΡΗ.
678 1133 850 1212 (sad
829 1152 891 1208 y
921 1141 977 1190 to
1003 1131 1275 1209 himself)
1305 1134 1507 1207 Atque
1535 1121 1809 1208 Antipho
1838 1132 1950 1190 alia
1977 1105 2160 1208 quom
2189 1136 2512 1209 occupatus
2542 1135 2698 1192 esset

1149 1229 1568 1303 sollicitudine,

589 1319 595 1326 ’
664 1321 821 1386 Tum
849 1327 965 1386 hoc
994 1330 1122 1386 esse
1162 1327 1246 1386 mi
1287 1328 1590 1386 obiectum
1634 1327 1892 1386 malum!
1976 1329 2090 1387 AN.
2129 1328 2393 1406 (coming
2409 1328 2708 1402 fomard

1146 1426 1290 1484 wttlz
1321 1424 1524 1514 (ΞΕΤΑ)
1563 1424 1728 1500 Quid
1755 1426 1907 1485 istuc
1935 1436 2025 1484 est
2054 1436 2272 1498 autem,
2305 1424 2636 1484 Phaedria?

530 1525 640 1621 Q.
671 1507 728 1583 O
773 1523 1247 1582 fortunatissume
1295 1511 1579 1599 Antipho.
1664 1525 1778 1581 AN.
1830 1501 2039 1599 Egone
2054 1525 2083 1582 ?
2166 1525 2276 1582 ΡΗ.
2328 1523 2488 1598 Quoi
2535 1522 2700 1598 quod

1152 1622 1315 1679 amas
1343 1620 1583 1694 domist,

674 1718 886 1794 Neque
922 1736 1061 1776 cum
1103 1718 1272 1777 huius
1315 1717 1481 1777 modi
1520 1718 1832 1795 (poi'ntzng
1868 1726 1924 1776 to
1966 1717 2199 1796 Domo)
2238 1737 2521 1793 umquam
2561 1721 2699 1777 usus
2740 1717 2860 1776 505

1152 1815 1317 1874 uenit
1344 1819 1410 1875 ut
1439 1816 1810 1875 conflictares
1839 1814 2015 1874 malo,

524 1915 640 1972 ΑΝ.
671 1913 865 1971 Mihin
892 1913 1156 1972 domist?
1196 1913 1399 1986 immo,
1429 1912 1491 1971 id
1518 1912 1683 1988 quod
1713 1913 1895 1986 aiunt,
1927 1913 2163 1972 auribus
2193 1917 2370 1972 teneo
2399 1913 2638 1988 lupum:

676 2009 868 2089 [Nam
896 2028 1092 2086 neque
1134 2028 1254 2086 quo
1297 2019 1477 2086 pacto
1518 2029 1554 2069 a
1595 2029 1692 2072 me
1735 2011 2005 2069 amittam
2045 2029 2242 2086 neque
2285 2011 2371 2070 uti
2412 2012 2699 2070 retineam

1152 2107 1331 2187 scio.]

524 2207 642 2265 Do.
674 2190 879 2281 ipsum
908 2206 1057 2265 istuc
1087 2206 1168 2264 mi
1195 2206 1258 2264 in
1286 2206 1404 2265 hoc
1433 2215 1540 2265 est.
1623 2208 1740 2265 AN.
1778 2206 1867 2285 (to
1896 2205 2129 2284 Domo)
2168 2206 2347 2280 Heia,
2375 2209 2452 2265 ne
2490 2225 2699 2282 parum

1153 2304 1291 2363 leno
1320 2304 1452 2362 sies,

678 2400 766 2479 (to
810 2393 1140 2475 PHAEDR1A,
1171 2402 1451 2477 pointing
1487 2409 1544 2459 to
1586 2399 1821 2477 Domo)
1870 2402 2033 2459 Num
2075 2400 2220 2475 quid
2262 2400 2360 2459 hic
2394 2401 2703 2460 confecit?

1153 2500 1262 2557 ΡΗ.
1308 2499 1573 2557 Hicine?
1613 2498 1776 2573 quod
1804 2499 1985 2558 homo
2016 2498 2584 2557 inhumanissumus:

341 2621 400 2670 25
669 2589 1039 2672 Pemphilam
1094 2615 1291 2655 meam
1346 2594 1637 2655 uendidit.
1735 2598 1849 2656 AN.
1914 2594 2120 2672 Quid?
2180 2594 2494 2655 uendidit?
2582 2597 2696 2656 GE.
2740 2595 2860 2655 510

1149 2694 1307 2753 Ain?
1345 2693 1660 2753 uendidit?

529 2793 638 2850 Q.
665 2790 972 2851 Vendidit.
1051 2793 1169 2851 Do,
1202 2790 1574 2870 (irom‘cally)
1606 2792 1805 2866 Quam
1826 2789 2137 2867 indignum
2158 2792 2402 2866 facinus,
2426 2792 2699 2851 ancillam

1150 2907 1288 2948 aere
1318 2892 1582 2964 emptam
1613 2908 1751 2948 meo
1777 2891 1790 2948 ἔ

527 2987 638 3045 ΡΗ.
669 2986 924 3062 Nequeo
953 2977 1194 3046 exorare
1223 2990 1287 3046 ut
1318 3006 1414 3046 me
1447 2997 1685 3045 maneat
1714 2989 1774 3045 et
1803 3005 1941 3045 cum
1969 2986 2070 3045 illo
2098 2996 2164 3045 ut
2191 2974 2379 3046 mutet
2407 2985 2590 3046 fidem

665 3083 954 3143 Triduom
981 3084 1117 3159 hoc,
1147 3083 1292 3144 dum
1321 3084 1384 3143 id
1415 3076 1579 3160 quod
1611 3095 1701 3144 est
1727 3085 2081 3162 promissum
2121 3085 2202 3144 ab
2243 3085 2447 3144 amicis
2490 3103 2694 3160 argen-

1149 3192 1275 3241 tum
1303 3184 1525 3242 aufero.

674 3277 762 3356 (to
800 3273 1038 3359 Domo)
1075 3280 1135 3341 Si
1174 3299 1297 3340 non
1339 3290 1466 3340 tum
1512 3279 1759 3354 deder0,
1788 3272 1970 3339 unam
2013 3289 2322 3356 praeterea
2366 3280 2573 3339 horam
2618 3298 2695 3338 ne

1143 3370 1432 3454 oppertus
1457 3378 1588 3437 sieS.

329 3498 399 3545 30
519 3472 638 3531 Do·
668 3455 1024 3534 Obtundes?
1102 3478 1216 3535 ΑΝ.
1256 3476 1344 3553 (to
1379 3474 1614 3555 Domo)
1650 3474 1835 3534 Haud
1876 3474 2174 3551 longumst
2214 3473 2277 3534 id
2319 3474 2483 3549 quod
2525 3478 2689 3534 orat:
2733 3471 2854 3531 515

1143 3575 1347 3632 exoret
1375 3572 1519 3633 sine.
