3209 4109
359 290 386 336 ii
405 285 559 352 3.49.]
767 250 771 254 ’
1449 288 1813 337 PHORMJO.
2826 292 2888 341 21

370 788 422 836 25

376 2154 430 2202 35

377 3228 432 3275 45

547 474 663 530 DE.
702 470 791 549 (to
812 469 1087 546 himself)
1116 467 1469 529 Phaedriam
1491 469 1612 527 mei
1635 469 1822 527 fratris
1843 468 2023 527 uideo
2047 468 2232 526 fllium
2256 469 2336 526 mi
2359 468 2443 527 ire
2467 469 2726 529 obuiam.

554 571 662 626 ΡΗ.
701 567 789 645 (to
826 569 1147 646 DEMIPHO)
1187 568 1276 625 Mi
1316 568 1544 643 patrue,
1574 567 1753 625 salue.
1841 567 1955 624 DE.
2001 566 2212 639 Salue3
2256 566 2363 625 sed
2403 567 2560 626 ubist
2602 557 2725 626 Ᾰῐι-

1176 664 1387 740 tipho?

555 765 665 822 ΡΗ.
702 763 1088 841 (pretending
1113 769 1222 820 not
1242 771 1298 820 to
1326 762 1479 820 hear
1505 763 1598 819 the
1635 760 1930 837 question)
1969 761 2207 821 Saluom
2245 763 2446 821 uenire
2491 808 2506 822 .
2552 808 2567 821 .
2611 764 2726 823 DE.
2769 762 2887 821 255

1186 857 1643 938 (interrupting)
1680 859 1881 918 Credo
1903 880 1921 932 ;
1964 858 2080 917 hoc
2112 860 2407 935 responde
2437 860 2601 920 mihi.

557 961 665 1016 ΡΗ.
693 959 885 1030 Valet,
917 959 1014 1015 hic
1043 968 1133 1017 est
1152 979 1170 1031 3
1216 957 1323 1016 sed
1351 958 1505 1016 satin
1534 958 1736 1016 omnia
1765 976 1839 1015 ex
1867 957 2202 1015 sententia?

552 1057 668 1113 DE.
696 1056 927 1113 Vellem
969 1054 1232 1130 quidem.
1319 1057 1427 1113 ΡΗ.
1474 1053 1637 1129 Quid
1678 1054 1830 1114 istnc
1874 1056 2004 1113 est?
2086 1056 2201 1113 DE.
2245 1056 2510 1130 Rogitas,
2541 1056 2725 1115 Phae-

1179 1152 1349 1211 dria?

707 1249 1074 1328 (ironically)
1114 1252 1308 1309 Bonas
1336 1270 1434 1309 me
1462 1251 1708 1311 absente
1737 1251 1835 1308 hic
1864 1251 2204 1310 confecistis
2231 1251 2485 1327 miptias.

556 1350 667 1407 ΡΗ.
704 1348 1011 1426 (affecting
1052 1347 1345 1425 surpn‘se)
1398 1350 1550 1421 Eho,
1600 1367 1679 1407 an
1727 1349 1789 1408 id
1839 1367 2146 1407 suscenses
2202 1352 2359 1406 minc
2410 1350 2532 1406 illi?
2613 1351 2726 1409 GE.

1188 1446 1399 1524 (aside,
1424 1446 1596 1520 from
1641 1447 1736 1505 his
1778 1444 2199 1521 bidingfflace)
2249 1446 2553 1504 Artificem
2595 1466 2730 1521 pro-

1182 1544 1322 1603 bum
1349 1548 1361 1602 ἔ

555 1643 673 1700 DE.
711 1640 1002 1719 (angnly)
1043 1643 1215 1717 Egon
1244 1642 1324 1700 illi
1350 1661 1474 1700 non
1502 1643 1923 1700 suscenseam?
1964 1641 2157 1718 ipsum
2187 1641 2378 1717 gestio
2769 1642 2888 1700 260

699 1739 844 1797 Dari
872 1739 954 1796 mi
983 1741 1044 1796 in
1072 1749 1483 1815 conspectum,
1511 1743 1672 1798 minc
1702 1757 1807 1797 sua
1834 1739 2010 1815 culpa
2038 1742 2103 1797 1'1t
2132 1740 2279 1797 sciat

702 1838 927 1895 Lenem
955 1846 1186 1912 patrem
1215 1836 1376 1894 illum
1408 1837 1629 1895 factum
1660 1855 1757 1895 me
1786 1855 1913 1895 esse
1945 1839 2335 1895 acerrumum.

559 1936 671 1994 ΡΗ.
698 1937 880 2009 Atqui
908 1933 1052 1991 nihil
1082 1934 1237 2007 fecit,
1270 1937 1498 2010 patrue,
1529 1933 1693 2009 quod
1724 1937 2083 1993 suscenseas,

556 2032 672 2091 DE.
702 2032 864 2089 Ecce
895 2034 1094 2090 antem
1124 2032 1336 2090 similia
1365 2032 1565 2091 omnia
1591 2036 1602 2090 i
1648 2051 1859 2090 omnes
1889 2036 2256 2107 congruont:

697 2131 896 2188 Vnt'lm
926 2148 1108 2204 quom
1136 2130 1314 2202 noriS,
1345 2130 1537 2188 omnis
1566 2130 1745 2188 noris.
1831 2132 1942 2188 ΡΗ.
1988 2129 2175 2189 Ι-Ιειὺᾱ
2202 2130 2355 2189 itast.
2772 2130 2890 2188 265

557 2229 674 2285 DE.
705 2227 827 2285 Hic
857 2227 917 2285 in
946 2228 1195 2299 noxiast,
1227 2228 1322 2286 ille
1351 2226 1429 2286 ad
1459 2227 1775 2286 dicendam
1803 2231 2041 2286 calisam
2072 2227 2242 2286 adest
2262 2249 2279 2300 ;

700 2324 899 2399 Quom
930 2324 1099 2397 illest,
1130 2324 1227 2382 hic
1257 2335 1582 2400 praestost:
1631 2324 1870 2383 tradunt
1900 2342 2111 2400 operas
2143 2329 2391 2384 mlituas.

557 2422 671 2481 GE.
710 2421 924 2499 (aside,
974 2441 1045 2480 as
1091 2422 1310 2500 before)
1371 2423 1562 2482 Probe
1613 2423 1824 2481 horum
1876 2423 2031 2480 facta
2087 2422 2410 2497 inpn'ldens
2467 2422 2732 2498 depinxit

1184 2539 1383 2579 senex.

557 2620 673 2680 DE.
705 2619 859 2676 Nam
890 2618 954 2676 ni
980 2618 1130 2677 haec
1157 2618 1238 2676 ita
1266 2629 1479 2691 essent,
1509 2638 1647 2676 cum
1677 2620 1775 2677 illo
1804 2618 1964 2678 haud
1993 2628 2194 2691 stareS,
2228 2618 2535 2677 Phaedria.

562 2717 672 2773 ΡΗ.
702 2716 762 2774 Si
789 2726 897 2788 est,
927 2718 1154 2792 patrue,
1184 2716 1421 2791 culpam
1448 2726 1515 2774 ut
1544 2706 1814 2791 Antipho
1845 2717 1905 2774 in
1935 2735 1998 2775 se
2027 2716 2348 2788 admiserit,
2771 2715 2850 2773 27
2853 2715 2891 2772 Ο

704 2814 795 2871 Ex
823 2816 939 2889 qua
966 2833 1028 2872 re
1059 2814 1251 2872 minus
1280 2815 1364 2873 rei
1394 2815 1545 2872 foret
1574 2824 1675 2872 aut
1705 2815 1895 2872 famae
1925 2817 2282 2889 temperanS‚

702 2911 844 2970 Non
869 2915 1109 2970 calisam
1137 2912 1278 2972 dico
1307 2916 1449 2987 quin
1478 2912 1641 2987 quod
1672 2913 1916 2971 meritus
1943 2915 2017 2969 sit
2045 2911 2209 2969 ferat.

702 3008 821 3067 Sed
849 3012 896 3067 si
923 3009 1052 3084 quis
1080 3010 1230 3068 forte
1261 3011 1482 3068 malitia
1514 3010 1693 3068 frenis
1723 3028 1827 3067 sua

705 3106 951 3166 Insidias
980 3118 1216 3167 nostrae
1247 3109 1387 3167 fecit
1417 3108 1854 3170 adulescentiae

700 3206 790 3262 Ac
817 3205 976 3277 uicit,
1007 3217 1249 3265 nostran
1278 3208 1454 3282 cnlpa
1485 3216 1611 3265 east
1639 3224 1714 3263 an
1742 3205 2026 3277 indicum,
2770 3202 2850 3261 27
2852 3201 2890 3259 5

702 3302 821 3376 Qui
849 3304 1029 3378 saepe
1057 3314 1302 3381 propter
1328 3304 1613 3363 inuidiam
1644 3303 1912 3361 adimunt
1941 3302 2110 3360 diuiti
2281 3381 2284 3382 ⁷

701 3402 818 3457 Aut
846 3405 1093 3476 propter
1120 3402 1583 3461 misericordiam
1616 3401 1844 3459 addunt
1872 3400 2161 3477 paliperi?

558 3496 672 3555 GE.
711 3492 870 3569 (sn‘ll
888 3498 1081 3586 asitg'e)
1121 3500 1202 3558 Ni
1229 3504 1465 3558 nossem
1497 3518 1764 3571 causam.
1788 3497 2092 3556 crederem
2122 3515 2265 3554 uera
2293 3496 2450 3554 ht'mc
2478 3495 2658 3571 loqui.

559 3594 674 3651 DE.
704 3596 798 3651 An
823 3598 1133 3669 quisquam
1163 3595 1343 3655 iudex
1371 3599 1477 3668 est,
1508 3596 1611 3670 qui
1639 3595 1826 3672 possit
1854 3599 2100 3654 noscere
