3209 4109
317 217 383 267 50
1391 216 1502 263 ΡΗ
1502 215 1698 263 ORMJ
1699 215 1753 263 0.
2608 223 2756 281 [V.2.1
2768 232 2831 266 2-

318 396 435 455 795
491 398 607 455 ΝΑ.
637 396 879 455 Faciam
921 400 987 454 ut
1028 396 1214 455 iubes,
1302 396 1469 473 (Sees
1498 396 1792 455 CHREMES
1820 397 2053 472 coming
2086 396 2240 474 out.)
2316 396 2425 456 sed
2467 400 2667 457 meum

1119 494 1311 552 uirum
1339 493 1445 552 abs
1473 502 1532 551 te
1563 497 1719 552 exire
1749 493 1951 554 uideo.

1424 692 1717 767 SCENE3.

315 850 593 910 CHREMES,
617 849 894 899 restrained
916 849 982 913 by
1004 848 1091 897 the
1115 863 1357 913 presence
1381 849 1440 897 of
1466 849 1544 898 his
1566 848 1681 897 wife
1705 848 1833 897 from
1857 849 2034 913 telling
2062 850 2324 900 DEMIPHO
2359 851 2418 899 of
2445 852 2532 901 the
2569 852 2829 916 discovery

396 933 461 980 he
484 932 577 980 has
599 932 764 990 made,
788 931 1125 980 nevertheless
1148 931 1283 980 hints
1316 937 1370 979 to
1403 931 1510 980 him
1544 932 1654 981 that
1688 931 1817 980 their
1841 939 2191 995 arrangement
2212 932 2333 981 with
2369 934 2627 982 PHORMto
2662 935 2703 983 is
2738 941 2828 983 not

398 1021 451 1062 to
474 1015 539 1063 be
563 1014 754 1062 carried
779 1019 881 1061 out.
949 1013 1320 1061 NAU81STRATA
1355 1014 1395 1061 is
1429 1013 1678 1062 therefore
1714 1013 1991 1072 dismissed,
2015 1015 2156 1063 there
2190 1015 2345 1078 being
2378 1030 2447 1063 no
2481 1015 2670 1064 further
2694 1018 2829 1066 need

397 1096 457 1144 of
482 1096 574 1144 her
597 1097 834 1155 services;
871 1095 1178 1159 whereupon
1202 1095 1463 1143 CHREMES
1487 1096 1695 1144 informs
1730 1096 1991 1144 DEMIPHO
2026 1096 2135 1144 that
2170 1096 2255 1145 the
2289 1097 2533 1160 marriage
2568 1097 2830 1161 originally

397 1178 621 1244 planned
641 1179 708 1242 by
731 1178 871 1227 them
893 1177 986 1226 has
1007 1177 1193 1239 luckily
1214 1177 1346 1225 been
1369 1177 1587 1240 brought
1612 1178 1767 1227 about
1791 1177 1843 1226 in
1867 1177 1995 1227 their
2018 1178 2250 1228 absence.

886 1311 1122 1391 [Enter
1145 1312 1441 1371 CHREMES
1452 1311 1625 1385 from
1658 1313 1997 1372 DEMIPHO'S
2023 1312 2254 1393 hausen]

705 1462 1231 1521 NAVSISTRATA
1473 1461 1837 1520 CHREMES
2080 1463 2437 1521 DEMIPHO

863 1570 1071 1607 MVLIER
1579 1570 1741 1606 SENES
2235 1570 2276 1607 11

1631 1675 1748 1734 CH.
1809 1675 1948 1754 (not
1988 1677 2297 1751 observing
2338 1677 2431 1735 his
2477 1677 2664 1751 wzfe’s

1103 1771 1412 1851 presence)
1452 1773 1663 1845 Ehem,
1695 1773 2018 1849 DemiphO,

639 1871 770 1930 Iam
796 1871 877 1929 illi
904 1870 1166 1929 datumst
1195 1872 1545 1946 argentum?
1626 1872 1741 1930 DE.
1785 1871 2004 1931 Curaui
2032 1873 2187 1932 ssico.
2271 1873 2387 1932 CH.
2425 1874 2662 1932 Nollem

1120 1969 1343 2028 datum.

644 2067 742 2147 (in
771 2069 990 2141 alam,
1020 2087 1096 2124 on
1125 2050 1392 2142 caichz’ng
1414 2067 1572 2142 stgrht
1606 2066 1681 2140 qs
1708 2067 1802 2125 his
1827 2065 1995 2145 wife)
2034 2067 2126 2142 Ei,
2155 2068 2336 2127 uideo
2377 2086 2658 2127 uxorem:

1117 2166 1308 2240 paene
1346 2164 1476 2239 plus
1519 2182 1699 2239 quarn
1741 2166 1829 2222 sat
1870 2174 2014 2224 erat.
2100 2166 2211 2224 DE.
2260 2166 2429 2239 Quor
2454 2165 2660 2239 nolleS‚

1115 2262 1444 2321 Chremes?

491 2360 609 2419 CH.
649 2359 824 2438 (with
854 2379 936 2417 an
965 2361 1068 2417 air
1090 2358 1165 2433 of
1189 2358 1716 2436 embarrassment)
1755 2361 1885 2419 Iam
1926 2362 2106 2419 recte.
2190 2362 2307 2420 DE.
2353 2360 2516 2435 Quid
2557 2362 2663 2418 tu?

1117 2456 1331 2531 ecquid
1359 2457 1608 2515 locutu’s
1639 2475 1778 2514 cum
1806 2460 1950 2520 istac
1993 2476 2171 2533 quam
2214 2459 2297 2517 ob
2336 2476 2462 2516 rem
2505 2457 2659 2515 hanc

1123 2554 1429 2630 (pointing
1452 2563 1507 2612 to
1537 2553 1979 2631 NAUSISTRATA)
2018 2554 2291 2614 ducimus
2305 2557 2333 2613 Ρ

489 2653 608 2712 (ΞΗ.
636 2652 937 2727 Transegi.
1024 2654 1139 2711 DE.
1184 2651 1345 2726 Quid
1374 2656 1455 2710 a'it
1483 2651 1770 2710 taudem?
1851 2653 1967 2711 CH.
2010 2652 2249 2712 Abduci
2274 2656 2399 2711 non
2440 2661 2657 2729 potest.

1117 2750 1229 2807 DE.
1277 2749 1394 2823 Qui
1421 2753 1544 2808 non
1570 2751 1809 2824 potest?

311 2847 429 2905 800
487 2849 604 2908 CH.
635 2848 791 2922 Quia
817 2850 1064 2921 uterque
1093 2847 1381 2920 utriquest
1408 2846 1595 2909 ebrdi.
1682 2850 1797 2905 DE.
1841 2847 2003 2922 Quid
2032 2848 2181 2907 istuc
2215 2849 2458 2907 nostra?
2539 2848 2655 2908 CH.
2791 2873 2820 2919 5

1111 2944 1334 3019 Magni.
1417 2944 1766 3019 praeterhac

634 3043 963 3117 Cognatam
1006 3041 1271 3115 comperi
1313 3042 1440 3099 esse
1483 3041 1675 3100 nobis,
1759 3042 1875 3101 DE.
1927 3041 2245 3120 (amazed)
2300 3042 2503 3117 Quid?
2550 3041 2653 3100 de-

1111 3137 1263 3196 liraS.
1348 3138 1464 3197 CH.
1508 3139 1603 3198 Sic
1632 3139 1759 3198 erit.

632 3237 773 3294 Non
814 3237 1036 3293 temere
1079 3233 1254 3293 dico:
1308 3235 1456 3293 redii
1497 3253 1738 3294 mecum
1777 3236 1841 3294 in
1883 3236 2247 3295 memoriam.
2333 3238 2450 3296 DE.
2493 3237 2655 3297 Satin

1113 3334 1284 3390 sanus
1313 3334 1420 3390 es?

490 3429 607 3487 NA.
634 3431 744 3502 Au,
787 3430 1057 3503 obsecro,
1099 3428 1237 3487 uide
1286 3447 1362 3488 ne
1411 3432 1472 3488 in
1519 3441 1834 3507 cognatam
1881 3433 2118 3508 pecces.
2201 3432 2318 3492 DE.
2369 3432 2512 3491 Non
2552 3440 2659 3491 est.

1111 3526 1228 3585 CH.
1273 3527 1367 3585 Ne
1396 3545 1583 3605 nega:
2429 3533 2436 3538 ’
