3209 4109
235 290 305 342 36
1311 286 1675 337 PHORMJO.
2504 286 2750 352 [mms-

421 473 532 530 ΡΗ.
562 470 824 545 Quoquo
853 469 990 527 hinc
1019 468 1416 545 asportabitur
1443 470 1750 540 terrarum,
1780 477 2064 527 certumst
2091 468 2367 543 persequi

561 570 679 627 Ant
707 567 917 643 perire.
1000 568 1114 626 ΟΕ.
1157 567 1238 624 Di
1264 566 1418 626 bene
1448 575 1686 625 uortant
1726 565 1892 641 quod
1932 568 2111 643 agas!
2153 565 2590 643 pedetemptim

1042 673 1262 723 tamen.

415 766 527 823 AN.
556 762 711 822 Vide
741 762 790 822 si
817 760 964 838 quid
992 761 1123 837 opis
1151 764 1323 838 potes
1351 761 1584 820 adferre
1613 761 1769 820 huic.
1854 762 1968 820 ΟΕ.
2010 765 2028 794 ‘
2047 762 2108 821 Si
2139 760 2284 838 quid
2306 763 2319 789 ’
2336 763 2364 821 Ρ
2403 760 2548 838 quid
2563 764 2592 821 Ρ
2694 789 2752 821 20

1043 862 1159 919 AN.
1203 859 1460 934 Quaere,
1490 860 1758 920 Obsecro.

564 960 658 1018 Ne
688 957 833 1035 quid
862 958 994 1034 plus
1022 958 1292 1017 mint'lsue
1323 958 1481 1030 faxit,
1512 957 1678 1033 quod
1704 976 1815 1017 nos
1844 967 1980 1033 post
2007 957 2225 1034 pigeat,
2258 959 2432 1018 Geta.

238 1057 358 1116 555
417 1059 530 1118 ΟΕ.
560 1058 836 1131 Quaero:
882 1056 1075 1115 saluos
1103 1057 1212 1128 est,
1240 1065 1308 1115 ut
1333 1056 1584 1132 opinor3
1628 1057 1836 1113 uerum
1865 1055 2026 1114 enim
2057 1059 2260 1116 metuo
2290 1056 2526 1115 malum.

418 1157 530 1214 AN.
563 1155 703 1214 Noli
731 1164 994 1213 metuere
1019 1176 1032 1212 ε
1078 1156 1197 1212 nna
1224 1162 1423 1213 tecum
1453 1154 1614 1213 bona
1641 1154 1796 1211 mala
1822 1152 2217 1213 tolerabimus.

420 1254 533 1312 ΟΕ.
563 1253 865 1327 Quantum
894 1270 1045 1329 opus
1081 1260 1172 1327 est
1213 1251 1321 1311 tibi
1363 1252 1607 1327 argenti,
1638 1250 1900 1327 loquere.
1984 1253 2094 1309 ΡΗ.
2138 1251 2309 1311 Sblae
2353 1249 2590 1329 triginta

1041 1367 1255 1407 minae.

420 1449 533 1508 GE.
573 1447 880 1523 Triginta?
931 1446 1052 1520 hui,
1094 1410 1411 1522 percara-st,
1458 1446 1771 1506 Phaedria.
1854 1448 1965 1505 ΡΗ.
2025 1431 2220 1506 1staec
2268 1464 2412 1506 uero
2459 1446 2591 1506 uilis
2694 1471 2748 1520 25

1043 1553 1152 1603 est.

418 1644 531 1702 ΟΕ.
560 1632 694 1718 Age
750 1660 878 1718 age,
933 1643 1204 1701 inuentas
1258 1641 1526 1701 reddam.
1626 1643 1735 1702 ΡΗ.
1801 1641 2108 1720 (joyfulhv)
2172 1643 2230 1702 O
2284 1642 2589 1718 lepidum!

1052 1739 1412 1818 (Embraces
1468 1739 1691 1817 GETA.)
1783 1741 1896 1799 GE.
1947 1740 2236 1819 (shaking
2284 1741 2408 1799 him
2458 1738 2581 1816 off)

1044 1838 1227 1896 Aufer
1280 1846 1341 1896 te
1395 1837 1552 1896 hine.
1642 1840 1751 1896 ΡΗ.
1815 1839 1945 1896 Iam
2000 1847 2195 1913 opust.
2281 1839 2394 1897 ΟΕ.
2459 1839 2589 1897 Ιάῐῐι

1044 1935 1231 1994 feres:

240 2033 360 2093 560
562 2033 682 2093 sed
724 2052 876 2110 opus
924 2043 1015 2093 est
1063 2033 1210 2092 mihi
1259 2033 1682 2092 Phormionem
1731 2033 1809 2092 ad
1864 2033 2018 2091 hanc
2075 2051 2202 2091 rem
2255 2032 2588 2093 adiutorem

1043 2130 1190 2189 dari.

415 2232 532 2289 AN.
563 2231 892 2289 Praestost:
938 2229 1345 2288 audacissume
1375 2228 1570 2288 oneris
1599 2227 1835 2304 quiduis
1864 2228 2103 2304 inpone,
2133 2196 2348 2287 ezferet
2367 2249 2387 2302 3

561 2327 728 2387 Solus
776 2336 867 2386 est
913 2327 1098 2386 homo
1145 2329 1339 2385 amico
1384 2327 1627 2385 amicus,
1712 2327 1824 2385 ΟΕ.
1877 2328 2098 2385 Eamus
2143 2344 2284 2402 ergo
2328 2326 2406 2385 ad
2452 2343 2589 2385 eum

1043 2425 1226 2483 (Seius,

413 2525 528 2582 AN.
560 2523 723 2580 Nnm
764 2522 910 2597 quid
950 2532 1040 2580 est
1081 2520 1245 2597 quod
1287 2524 1470 2597 opera
1512 2540 1648 2580 mea
1687 2522 1858 2581 uobis
1900 2525 2051 2596 Opus
2092 2521 2210 2581 sit?
2288 2522 2401 2581 (ΞΕ.
2446 2521 2586 2594 Ni13
2692 2547 2750 2593 30

1041 2636 1248 2678 uerum
1277 2619 1374 2678 abi
1401 2619 1650 2678 domum

559 2703 640 2777 Et
665 2718 825 2775 illam
854 2718 1146 2790 miseram,
1169 2735 1348 2792 quam
1376 2719 1490 2793 ego
1517 2735 1678 2775 nunc
1705 2718 1859 2776 intus
1887 2720 2012 2776 scio
2040 2735 2169 2776 esse
2193 2717 2587 2776 exanimatam

1043 2824 1208 2873 metu

235 2912 356 2974 565
557 2913 899 2974 Consolare.
969 2915 1166 2971 cessas
1180 2860 1240 2971 P'.
1273 2914 1387 2972 AN.
1418 2912 1583 2971 Nihil
1604 2922 1696 2982 est
1716 2914 1905 2987 aeque
1927 2912 2092 2989 quod
2120 2912 2333 2972 faciam
2354 2912 2583 2972 lubens.

1616 3009 1811 3087 (Exit
1830 3011 1954 3069 into
1983 3012 2321 3069 DEMIPHO'S
2346 3006 2575 3086 house.)

419 3112 530 3169 ΡΗ.
561 3109 696 3184 Qua
722 3109 820 3168 uia
846 3109 997 3168 istuc
1026 3108 1250 3167 facies?
1331 3109 1443 3167 ΟΕ.
1487 3107 1705 3166 Dicam
1733 3107 1797 3165 in
1823 3107 2067 3167 itinere:
2115 3106 2254 3166 hinc
2297 3106 2481 3167 modo
2522 3116 2582 3166 te

1036 3208 1269 3265 amone.

1120 3303 1407 3382 (Exeunt
1428 3306 1742 3363 PHAEDRm
1770 3305 1903 3362 and
1923 3305 2093 3364 ΟΕΓΑ
2120 3310 2176 3362 to
2202 3304 2453 3376 Forum,
2483 3299 2573 3379 R.)
