3209 4109
436 310 484 343 v.
487 293 647 358 ³·24·]
910 317 917 325 ·
1515 293 1879 342 PHORMJO.
2246 338 2253 344 ,
2889 295 2951 346 51

764 475 949 534 Patris
976 479 1200 534 nomen
1226 474 1386 535 aliud
1414 473 1732 535 dictumst:
1762 475 1880 534 hoc
1909 484 1972 533 tu
2001 473 2220 535 errasti.
2305 476 2421 534 DE.
2453 476 2595 534 Non
2619 477 2790 535 norat

1244 574 1516 649 patrem?

433 696 491 730 10
616 672 733 732 ΕΗ.
762 672 972 731 Norat.
1056 673 1170 731 DE.
1215 671 1385 747 Quor
1423 669 1582 729 aliud
1626 669 1814 732 dixit?
1895 671 2012 730 ΕΗ.
2052 670 2330 749 (angmly,
2361 680 2417 730 to
2460 671 2779 750 Dmnpno)
2830 671 2949 732 805

1244 770 1663 845 Numquamne
1692 767 1872 828 hodie
1901 768 2198 827 concedes
2228 769 2372 826 mihi

758 867 974 943 Neque
1029 867 1376 943 intelleges?
1456 868 1571 926 DE.
1625 866 1768 946 (not
1805 868 2276 942 understanding
2319 868 2413 925 the
2458 866 2777 946 situation)

1240 965 1300 1025 Si
1346 966 1409 1025 tu
1467 964 1551 1023 nil
1605 983 1805 1024 narras
1819 966 1847 1023 ?
1927 965 2044 1025 ΕΗ.
2094 964 2191 1042 (in
2241 963 2506 1041 despair)
2563 964 2786 1026 Perdis.

1241 1063 1359 1122 NA.
1402 1061 1591 1121 Miror
1618 1062 1763 1138 quid
1792 1062 1920 1121 siet.

612 1160 731 1218 DE.
761 1159 1060 1236 Equidem
1101 1160 1299 1219 hercle
1341 1160 1563 1220 nescio.
1649 1161 1767 1221 ΕΗ.
1808 1159 1926 1218 Vin
1967 1159 2161 1219 scire?
2207 1169 2269 1218 at
2316 1163 2399 1218 ita
2444 1179 2542 1220 me
2590 1170 2788 1221 seruet

1241 1258 1526 1334 Iuppiter,

754 1355 835 1414 Vt
868 1355 1112 1433 propior
1137 1355 1237 1429 illi,
1267 1359 1445 1432 quem
1487 1374 1599 1433 ego
1642 1374 1773 1415 sum
1815 1373 1885 1414 ac
1927 1365 2009 1430 tu,
2047 1354 2296 1435 [homo]
2332 1359 2582 1417 nemost.
2668 1358 2784 1417 DE.

1239 1452 1320 1512 Di
1346 1456 1606 1513 nostram
1633 1453 1836 1527 fidem,

758 1551 980 1611 Eamus
1007 1551 1087 1611 ad
1114 1552 1339 1628 ipsam:
1384 1570 1502 1610 una
1535 1551 1728 1611 omnis
1770 1569 1880 1610 nos
1921 1561 2021 1610 aut
2063 1555 2213 1611 scire
2255 1561 2356 1610 aut
2397 1551 2626 1612 nescire
2666 1553 2784 1613 hec

1237 1649 1396 1708 uolo·
1479 1650 1594 1709 ΕΗ.
1636 1648 1921 1727 (stg‘hing)
1958 1649 2091 1708 Ah!

435 1770 491 1818 15
611 1746 730 1805 Dr..
760 1746 924 1822 Quid
951 1749 1085 1806 est?
1163 1748 1280 1807 ΕΗ.
1326 1748 1459 1805 Itan
1487 1765 1732 1823 paruam
1762 1746 1906 1804 mihi
1933 1746 2116 1805 fidem
2145 1765 2275 1807 esse
2297 1745 2459 1823 apud
2481 1758 2540 1806 te
2567 1751 2580 1807 i
2665 1749 2781 1807 DE.
2823 1746 2944 1807 810

1234 1845 1352 1903 Vin
1378 1863 1476 1903 me
1503 1844 1750 1903 credere
1766 1846 1795 1903 ?

752 1942 871 2001 Vin
898 1942 1036 2026 satis
1062 1943 1391 2019 quaesitum
1419 1942 1503 2001 mi
1532 1945 1681 2000 istuc
1712 1960 1839 2002 esse
1856 1944 1885 2001 ?
1924 1960 2051 2019 age,
2080 1943 2201 2002 flat.
2284 1942 2430 2018 quid
2445 1945 2474 2002 Ρ
2511 1943 2609 2001 illa
2636 1944 2756 2002 filia

750 2038 947 2099 Amici
967 2039 1151 2099 nostri
1171 2039 1314 2115 quid
1338 2040 1692 2098 futurumst?
1761 2040 1875 2100 ΕΗ.
1909 2039 2086 2119 (with
2108 2059 2148 2098 a
2169 2059 2340 2099 wave
2359 2040 2433 2114 qs
2448 2041 2543 2099 the
2562 2040 2770 2119 hand)

1236 2139 1446 2197 Recte.
1529 2139 1648 2197 DE.
1693 2139 1872 2197 Hanc
1901 2138 2075 2213 igitur
2103 2138 2429 2197 mittimus?

607 2234 724 2294 ΕΗ.
768 2234 932 2310 Quid
958 2234 1064 2294 ni?
1143 2237 1257 2294 DE.
1304 2220 1414 2295 illa
1447 2238 1730 2295 maneat?
1810 2236 1927 2295 ΕΗ.
1966 2233 2285 2315 (nodding)
2323 2237 2431 2296 Sic.
2520 2237 2637 2295 DE.
2681 2238 2777 2296 Ire

1232 2333 1406 2409 igitur
1433 2334 1538 2393 tibi
1565 2335 1724 2407 licet,
1756 2335 2136 2392 Nausistrata.

605 2429 724 2488 NA.
752 2429 847 2489 Sic
873 2430 977 2506 pol
1005 2430 1378 2490 commodius
1405 2434 1532 2490 esse
1562 2432 1625 2490 in
1653 2433 1845 2491 omnis
1876 2432 2141 2506 arbitror,
2170 2449 2351 2506 quam
2378 2441 2444 2491 ut
2472 2434 2776 2509 coeperas,

424 2555 485 2587 20
753 2528 1000 2586 Manere
1026 2528 1182 2587 hanc
1203 2548 1222 2602 3
1263 2547 1403 2587 nam
1430 2530 1792 2606 perliberalis
1821 2533 2016 2603 uisast,
2047 2548 2229 2604 quom
2257 2530 2400 2602 uidi,
2431 2530 2592 2589 mihi.
2818 2528 2939 2590 815

1805 2628 1998 2708 (Exit
2019 2629 2142 2686 into
2172 2628 2515 2687 CHREMES'S
2540 2626 2767 2706 house.)

604 2723 723 2782 DE.
753 2722 916 2798 Quid
943 2723 1094 2782 istuc
1121 2726 1419 2801 negotist?
1499 2726 1615 2785 ΕΗ.
1656 2725 1920 2805 (looking
1943 2725 2226 2802 carqfulgy
2249 2725 2529 2803 around)
2569 2728 2776 2785 Iamne

1230 2824 1464 2899 operuit
1491 2823 1751 2883 ostium?
1830 2824 1945 2882 DE.
1989 2824 2137 2882 Iam.
2220 2823 2335 2882 ΕΗ.
2374 2822 2679 2901 (sbffulhr)
2718 2824 2775 2884 O

1231 2919 1517 2996 Iuppiter,

749 3015 833 3074 Di
858 3018 969 3076 nos
996 3016 1317 3093 respiciunt
1341 3040 1354 3077 z
1384 3021 1624 3094 gnatam
1646 3017 1845 3077 inueni
1866 3021 2114 3094 nuptam
2141 3036 2280 3076 cum
2301 3027 2406 3077 tuo
2433 3017 2570 3077 filio.
2658 3019 2775 3078 DE.

1240 3114 1336 3194 (in
1364 3114 1657 3192 surprise)
1698 3117 1883 3188 Hem,

748 3209 889 3286 Quo
915 3213 1094 3287 pacto
1130 3210 1260 3291 [id]
1295 3214 1531 3288 potuit?
1613 3213 1731 3273 ΕΗ.
1776 3213 1920 3272 Non
1947 3212 2087 3272 satis
2114 3222 2272 3271 tutus
2301 3215 2391 3271 est
2418 3212 2496 3273 ad
2536 3231 2775 3272 narran-

1229 3308 1374 3368 dum
1402 3310 1498 3367 hic
1526 3311 1709 3369 locuS.

601 3402 721 3464 DE.
749 3406 828 3464 At
853 3414 918 3464 tu
946 3409 1098 3465 intro
1125 3406 1240 3465 abi.
1326 3407 1440 3466 ΕΗ.
1488 3408 1679 3480 HeuS,
1700 3425 1779 3465 ne
1808 3406 1912 3465 filii
1939 3406 2183 3483 quidem
2212 3407 2329 3466 hoc
2356 3408 2540 3468 nostri
2567 3408 2771 3468 rescis-

1227 3506 1365 3562 cant
1391 3505 1549 3564 uolo.
2655 3524 2668 3529 ’
2777 3517 2788 3528 ·

915 3598 1204 3679 (Exeunt
1223 3602 1512 3661 DEmPHo
1540 3602 1676 3660 and
1694 3602 1991 3663 Cum-:um
2017 3603 2144 3663 into
2172 3604 2511 3663 Dmmno's
2536 3602 2764 3677 house.)
