3209 4109
371 261 598 327 iv.3.68.]
1449 260 1811 309 PHORMJO.
2816 259 2879 310 41

691 442 1008 501 Talentum
1036 459 1336 518 magnum.
1419 443 1535 500 DE.
1574 439 1866 519 (angrily)
1906 442 2102 499 Immo
2131 440 2352 498 malum
2382 439 2617 498 hercle:
2657 449 2722 497 ut

1173 540 1256 597 nil
1282 539 1471 615 pudet
1496 542 1507 598 !

369 666 429 709 40
543 639 657 698 GE.
688 636 870 713 Quod
898 637 1022 696 dixi
1048 635 1202 697 adeo
1232 641 1323 696 ei':
1369 641 1385 669 ‘
1403 640 1646 713 quaese,
1676 637 1819 713 quid
1849 637 1898 695 si
1926 637 2106 695 filiam
2762 635 2883 694 645

693 736 870 794 Suam
898 736 1135 794 unicam
1164 735 1387 794 locatet
1401 737 1429 793 ?
1467 736 1637 811 parui
1665 737 1726 793 re
1757 734 1887 793 tulit

697 834 838 892 Non
866 832 1234 908 suscepisse:
1278 832 1574 891 inuentast
1600 850 1753 908 quae
1782 831 1989 891 dotem
2018 833 2223 907 petat)

692 931 775 989 Vt
803 929 881 988 ad
910 933 1102 1006 pauca
1129 928 1372 988 redeam
1400 949 1471 988 ac
1498 933 1729 988 mittam
1756 930 1907 988 illius
1935 930 2207 1005 ineptiaS,

699 1030 871 1086 Haec
902 1026 1159 1103 denique
1190 1027 1313 1086 eius
1343 1028 1450 1086 fuit
1477 1037 1779 1104 postrema
1807 1027 1995 1087 oratio
2019 1048 2032 1085 ε

366 1151 424 1198 ‘45
695 1129 713 1157 ‘
733 1126 865 1201 Ego
885 1127 898 1152 ²
930 1126 1118 1201 inquit
1147 1129 1163 1157 ‘
1183 1143 1220 1183 a
1246 1125 1538 1200 principio
1565 1125 1743 1183 amici
1771 1124 1971 1198 filiam,
2763 1122 2882 1182 650

698 1223 792 1281 Ita
816 1232 882 1281 ut
909 1225 1165 1298 aequom
1192 1223 1396 1295 fuerat,
1427 1223 1588 1282 uolui
1616 1241 1861 1281 uxorem
1892 1223 2112 1281 ducere
2132 1243 2151 1295 3

695 1321 853 1379 Nam
883 1320 1028 1379 mihi
1056 1321 1307 1380 uenibat
1334 1324 1394 1379 in
1423 1330 1688 1379 mentem
1716 1321 1840 1379 eius
1869 1318 2338 1392 incommodum,

698 1419 772 1476 In
798 1418 1142 1477 seruitutem
1172 1422 1497 1493 pauperem
1525 1418 1603 1477 ad
1633 1418 1821 1478 ditem
1850 1418 1995 1477 dari.

695 1515 813 1575 Sed
842 1516 924 1574 mi
950 1520 1101 1591 opus
1129 1526 1271 1589 erat,
1302 1525 1368 1575 ut
1394 1518 1598 1592 aperte
1628 1516 1735 1576 tibi
1762 1534 1920 1574 nunc
1949 1514 2192 1588 fabuler,

372 1636 430 1685 50
693 1613 1134 1688 Aliquantulum
1162 1631 1316 1689 quae
1345 1612 1622 1686 adferret,
1651 1614 1753 1689 qui
1781 1613 2166 1672 dissoluerem
2764 1613 2883 1672 655

697 1710 870 1784 Quae
899 1707 1132 1771 debeo':
1166 1707 1239 1770 ‘dt
1268 1712 1447 1770 etiaim
1475 1729 1650 1785 nune,
1683 1712 1733 1770 si
1761 1711 1884 1770 uolt
1913 1711 2213 1786 Demipho

698 1809 856 1866 Dare
885 1809 1279 1884 quantum‘ab
1307 1809 1419 1867 hac
1450 1810 1701 1884 accipio,
1731 1827 1884 1884 quae
1912 1812 2181 1884 sponsast
2209 1808 2372 1882 mihi,

696 1906 755 1964 N
760 1906 937 1964 ulleim
967 1906 1113 1965 mihi
1140 1906 1342 1965 malim
1372 1925 1552 1982 quam
1581 1910 1770 1965 istanc
1798 1909 2043 1966 uxorem
2073 1905 2236 1965 dari.'

550 2005 664 2085 ΑΝ.
701 2003 926 2082 (aside)
960 2004 1172 2063 Vtrum
1202 2005 1445 2063 stultitia
1472 2006 1667 2063 facere
1697 2022 1809 2080 ego
1838 2004 2098 2062 hunc'an
2125 2004 2349 2063 malitia

373 2126 426 2174 55
697 2101 930 2175 Dicam,
960 2102 1246 2160 scientem
1277 2121 1354 2160 an
1381 2103 1819 2177 inprudentem,
1850 2102 2107 2160 incertus
2135 2120 2285 2160 sum.
2764 2100 2885 2160 660

554 2199 670 2256 DE.
699 2198 863 2273 Quid
892 2199 940 2257 si
970 2200 1228 2257 animam
1259 2200 1480 2259 debet?
1562 2201 1678 2278 GE„
1723 2203 1740 2231 ‘
1759 2189 1924 2275 Ager
1950 2200 2257 2273 oppositus
2286 2199 2517 2274 pignori

697 2295 796 2355 Ob
823 2295 1038 2355 decem
1068 2297 1256 2355 minas
1285 2280 1412 2356 est!
1496 2299 1612 2356 DE.
1656 2286 1788 2372 Age
1818 2315 1944 2372 age,
1973 2296 2093 2354 iarn
2122 2296 2338 2355 ducat:
2382 2297 2559 2355 dabo,

554 2394 668 2453 GE.
699 2393 1057 2453 ‘Aediculae
1104 2395 1249 2454 item
1299 2405 1434 2455 sunt
1487 2395 1568 2455 ob
1625 2393 1840 2453 decem
1893 2394 2074 2452 alias!
2125 2440 2133 2452 .
2160 2395 2274 2452 DE.
2329 2393 2555 2471 (loudly
2598 2396 2731 2452 and

1177 2492 1433 2571 angn’ly)
1472 2493 1628 2565 Oiei’,

696 2589 1034 2649 Nimiumst.
1119 2590 1238 2650 Cn.
1283 2592 1380 2650 Ne
1409 2590 1637 2649 clama:
1685 2589 1939 2665 repetito
1966 2588 2144 2648 hasce
2173 2608 2209 2648 a
2237 2592 2333 2648 me
2362 2588 2595 2648 decem.

370 2700 432 2745 60
552 2686 666 2745 GE.
697 2686 913 2746 ‘onri
943 2687 1203 2748 emunda
1227 2688 1552 2747 ancillulast
1572 2708 1590 2761 3
1634 2697 1761 2745 tum
1790 2688 2055 2762 pluscula
2765 2687 2884 2746 665

695 2783 1069 2859 Supellectile
1097 2804 1248 2861 opus
1276 2795 1366 2844 est
1386 2807 1404 2858 3
1446 2789 1596 2861 opus
1627 2794 1719 2844 est
1746 2795 1983 2861 sumptu
2014 2784 2092 2844 ad
2121 2785 2391 2860 nuptias:

699 2881 815 2940 His
843 2882 1016 2942 rebus
1031 2892 1220 2958 porro
1250 2890 1391 2942 sane
1421 2901 1580 2959 pone
1601 2884 1615 2911 '
1644 2883 1832 2957 inquit
1862 2886 1880 2914 ‘
1899 2880 2113 2941 decem
2145 2881 2441 2960 [minas].'

552 2980 668 3037 DE.
701 2979 802 3056 (as
829 2978 1049 3056 before)
1087 2981 1394 3040 Sescentas
1424 2980 1679 3057 proinde
1707 2980 1948 3040 scribito
1978 2980 2095 3038 iam
2124 2980 2268 3038 mihi
2297 2978 2497 3038 dicas:

697 3076 797 3134 Nil
825 3075 926 3136 do.
1010 3081 1312 3153 inpuratus
1342 3096 1437 3136 me
1468 3078 1565 3137 ille
1592 3088 1658 3136 ut
1686 3078 1866 3136 etiam
1895 3078 2187 3136 inrideat?

373 3186 426 3244 65
548 3173 666 3233 CH.
695 3174 954 3248 Quaeso,
984 3178 1098 3251 ego
1126 3174 1304 3249 dabo,
1334 3176 1574 3251 quiesce
1598 3198 1612 3234 ε
1656 3185 1720 3233 tu
1749 3174 1934 3235 modo
1962 3158 2145 3234 filium
2765 3174 2882 3234 670

695 3272 816 3330 Fac
842 3281 910 3331 ut
924 3272 1095 3331 rillam
1124 3272 1324 3347 ducat,
1354 3277 1465 3333 nos
1493 3292 1673 3349 quam
1701 3273 1993 3332 uolumuS.
2075 3275 2190 3332 AN.
2221 3271 2435 3350 (aside,
2457 3273 2718 3349 despair-

1175 3370 1360 3447 inghv)
1400 3372 1472 3429 Ei
1500 3371 1684 3430 mihi!

695 3465 871 3540 Geta,
900 3466 1172 3527 occidisti
1201 3471 1298 3527 me
1330 3469 1442 3527 tuis
1472 3468 1732 3527 fallaciis

550 3561 670 3624 Cn.
699 3565 1048 3628 Meacansa
1075 3565 1319 3628 eicitur:
1365 3568 1461 3627 me
1489 3566 1607 3628 hoc
1637 3577 1727 3627 est
1753 3583 2012 3644 aequom
2038 3568 2327 3654 amittere.
