3209 4109
322 233 390 284 40
917 193 922 208 ’
1397 231 1760 282 PHORMJO.
2594 229 2686 297 [iv.
2689 244 2764 296 3.1
2776 245 2836 281 1-

644 413 878 488 Inueni,
905 414 1138 491 opinor,
1165 412 1498 472 remedium
1525 412 1664 472 huic
1692 412 1797 472 rei.
1880 413 1999 474 Cn.
2043 412 2225 488 Quid,
2254 414 2412 475 Geta
2425 415 2453 473 Ρ

501 512 619 571 ΒΕ.
649 511 832 587 Quod
860 512 1233 572 remedium?
1314 511 1429 571 GE.
1469 512 1550 569 Vt
1578 510 1699 571 abii
1725 511 1831 570 Abs
1857 520 1938 584 te,
1966 511 2033 570 fit
2062 511 2210 571 sorte
2238 512 2478 579 obuiam

646 609 800 669 Mihi
829 609 1128 670 Phormio·
1197 609 1317 668 Cn.
1357 609 1478 684 Qui
1507 609 1831 669 Phormio?
1899 610 2015 668 DE.
2056 609 2117 668 Is
2144 609 2247 685 qui
2273 610 2482 672 istanc.
2552 609 2669 670 Cn.

1125 706 1282 768 Scio.

502 806 616 865 (ΞΕ.
641 805 906 865 Visumst
934 805 1034 879 mi,
1063 814 1129 864 ut
1156 805 1282 864 eius
1309 806 1670 882 temptarem
1699 804 2071 864 sententiam.

325 902 444 962 620
648 903 883 963 Prendo
911 902 1216 962 hominem
1244 901 1470 961 solum:
1519 906 1535 934 ‘
1553 906 1705 978 quor
1732 904 1890 976 non,’
1924 902 2184 978 inquam,
2214 906 2230 934 ‘
2253 902 2551 976 Phormio,
2781 927 2831 976 ις

644 1001 846 1074 Vides,
877 1001 1028 1059 inter
1054 1019 1163 1059 nos
1191 1003 1277 1059 sic
1305 999 1455 1059 haec
1482 1000 1679 1076 potius
1708 1003 1847 1059 cum
1875 1000 2035 1060 bona

644 1099 726 1157 Vt
752 1102 1180 1175 componamus
1207 1098 1394 1175 gratia
1420 1115 1601 1173 quam
1630 1101 1769 1157 cum
1798 1097 1994 1156 mala?

647 1197 799 1255 Erus
827 1196 1077 1256 liberalis
1105 1197 1195 1255 est
1223 1206 1284 1255 et
1312 1196 1564 1273 fugitans
1592 1195 1780 1254 litium
1800 1216 1820 1269 3

648 1294 807 1352 Nam
835 1294 1019 1352 ceteri
1047 1293 1290 1370 quidem
1320 1292 1520 1352 hercle
1549 1293 1728 1351 amici
1756 1295 1965 1351 omnes
1995 1291 2179 1352 modo

325 1390 446 1450 625
643 1391 779 1449 Vno
808 1394 910 1451 ote
938 1401 1208 1450 auctores
1241 1392 1420 1465 fuere,
1449 1400 1516 1450 ut
1543 1390 1930 1466 praecipitem
1959 1391 2112 1449 hanc
2140 1390 2347 1450 daret!
2776 1416 2834 1448 20

501 1490 616 1547 AN.
654 1487 877 1567 (aside)
915 1488 1079 1563 Quid
1107 1488 1205 1547 hic
1232 1491 1476 1564 coeptat
1501 1497 1603 1546 aut
1630 1506 1752 1564 quo
1793 1487 2010 1547 euadet
2052 1488 2274 1547 hodie?
2354 1489 2469 1547 (ΞΕ.
2507 1487 2670 1566 (con-

1129 1587 1366 1662 tinuing
1382 1587 1814 1662 thepretended
1825 1585 2265 1661 conversation)
2295 1589 2312 1617 ‘
2326 1587 2421 1644 An
2448 1586 2673 1662 legibus

646 1683 942 1742 Daturum
968 1700 1194 1759 poenas
1221 1682 1405 1756 dices,
1434 1683 1484 1742 si
1510 1682 1671 1741 illam
1701 1683 1983 1741 eiecerit?

649 1781 778 1839 Iam
808 1780 871 1840 id
900 1781 1323 1856 exploratumst
1348 1802 1361 1839 ε
1406 1780 1557 1853 heia,
1587 1780 1826 1839 sudabis
1853 1780 2013 1853 satiS,

647 1878 707 1937 Si
734 1896 870 1936 curn
901 1878 1000 1936 illo
1029 1878 1296 1954 inceptas
1324 1877 1604 1937 homine:
1652 1895 1725 1936 ea
1752 1876 2162 1953 eloquentiast.
2545 1950 2550 1954 .

325 1974 444 2035 630
644 1976 867 2034 Verum
894 1993 1058 2051 pono
1088 1993 1215 2034 esse
1243 1978 1467 2034 uictum
1497 1993 1675 2049 eum3
1718 1985 1778 2034 at
1805 1975 2049 2035 tandem
2076 1985 2280 2056 tamen
2777 1999 2830 2048 25

648 2074 789 2132 Non
817 2073 1026 2149 cApitis
1055 2073 1109 2131 ei
1139 2091 1231 2132 res
1259 2073 1466 2149 agitur,
1495 2072 1603 2132 sed
1632 2072 1960 2148 pecuniae!

648 2173 965 2246 Postquam
995 2171 1298 2229 hominem
1328 2170 1419 2229 his
1446 2170 1644 2230 uerbis
1673 2170 1863 2229 sentio
1893 2169 2187 2242 mollirier,

645 2272 662 2300 ‘
681 2269 799 2327 Soli
829 2286 1027 2327 sumus
1056 2286 1212 2326 nunc
1240 2268 1338 2325 hic
1358 2270 1372 2295 ’
1402 2271 1643 2343 inquam
1668 2290 1680 2326 :
1727 2272 1744 2300 ‘
1764 2268 1897 2342 eho,
1928 2267 2027 2327 dic
2055 2267 2200 2344 quid
2228 2272 2317 2327 uis
2344 2266 2471 2326 dari

642 2365 781 2425 Tibi
808 2369 868 2424 in
897 2384 1157 2438 manum,
1186 2376 1251 2424 ut
1280 2384 1412 2425 erus
1440 2365 1529 2425 his
1559 2365 1806 2426 desistat
1832 2366 2048 2439 litibus,

322 2462 441 2524 635
645 2465 820 2522 Haec
847 2463 986 2524 hinc
1014 2464 1282 2536 facessat,
1312 2466 1375 2523 tu
1407 2463 1688 2523 molestus
1715 2466 1792 2522 ne
1820 2464 1978 2523 sies?
1996 2465 2010 2491 '
2777 2488 2831 2534 30

498 2564 611 2621 AN.
650 2560 862 2638 (aside,
896 2563 960 2619 in
1004 2559 1398 2638 amazement)
1438 2561 1601 2620 Satin
1642 2561 1723 2619 ssli
1764 2561 1827 2620 di
1867 2570 2003 2620 sunt
2043 2560 2326 2637 propitii?
2405 2559 2519 2619 GE.
2570 2559 2673 2637 (as

1124 2658 1344 2735 before)
1385 2662 1401 2692 ‘
1420 2659 1577 2716 Nam
1607 2661 1696 2717 sat
1722 2658 1864 2731 sci0,

642 2757 701 2817 Si
729 2767 792 2816 tu
821 2757 1075 2832 aliquam
1105 2767 1335 2832 partem
1364 2759 1538 2832 aequi
1567 2756 1827 2836 bonique
1858 2755 2093 2828 dixeriS,

638 2855 721 2913 Vt
748 2864 839 2913 est
865 2855 960 2913 ssle
989 2854 1178 2913 bonus
1206 2854 1315 2927 uir,
1346 2858 1458 2912 tria
1483 2872 1606 2912 non
1635 2854 2079 2912 commutAbitis

638 2952 838 3012 Verba
864 2951 1044 3011 hodie
1075 2952 1228 3010 inter
1255 2953 1401 3011 uos)
1489 2952 1604 3009 DE.
1650 2952 1798 3026 Quis
1827 2961 1885 3009 te
1915 2951 2098 3009 istaec
2126 2951 2289 3011 iussit
2316 2950 2522 3026 loqui?

317 3048 436 3107 640
491 3050 608 3109 CH.
642 3051 836 3108 Immo
863 3069 985 3108 non
1014 3049 1207 3124 potuit
1237 3050 1443 3108 melius
1473 3049 1833 3124 peruenirier
2775 3071 2826 3120 35

641 3148 733 3206 Eo
763 3150 883 3222 quo
912 3166 1020 3206 nos
1048 3147 1338 3206 uolumus.
1422 3148 1535 3205 AN.
1575 3146 1786 3223 (aside,
1819 3146 1883 3204 in
1913 3143 2179 3222 despair)
2210 3129 2428 3205 Occidi
2454 3148 2466 3203 ἔ
2551 3146 2662 3203 DE.

1122 3246 1308 3320 Perge
1339 3243 1550 3319 eloqui.

493 3342 607 3402 (ΞΕ.
637 3343 689 3399 Α
719 3344 912 3417 primo
941 3342 1122 3401 homo
1153 3342 1462 3400 insanibat.
1548 3341 1667 3400 CH.
1711 3339 1884 3399 Cedo
1913 3339 2058 3415 quid
2086 3340 2385 3415 postulat?

493 3440 607 3499 GE.
639 3439 845 3514 Quid?
881 3439 1130 3497 nimium
1159 3448 1461 3514 quantum.
1543 3437 1662 3497 CH.
1713 3436 2061 3511 Qua'ntum?
2102 3435 2220 3495 dic.
2298 3438 2411 3497 GE.
2452 3437 2512 3495 Si
2539 3439 2668 3511 quis

1118 3534 1288 3595 daret
