3209 4109
448 282 659 351 v.8.22.]
1527 281 1887 336 PHORMJO.
2900 278 2962 332 57

455 465 552 546 [E
554 476 687 525 nter
712 469 1001 526 DEMIPHO
1029 468 1162 525 and
1196 467 1494 526 CHREMES
1513 465 1689 541 from
1719 467 2061 524 DEMIPHO’S
2086 466 2284 524 house.
2368 465 2653 522 Pnonmo
2697 464 2958 521 remains

1322 564 1629 624 concealed
1652 564 1814 622 until
1830 581 1886 622 v.
1915 560 2089 641 899.]

926 720 1288 778 Dzmpno
1531 718 1898 779 CHREMES
2138 719 2490 775 PHORMIO

1026 827 1187 865 SENES
1688 825 1731 864 11
2175 824 2454 862 PARASITVS

446 952 501 1008 V
529 964 555 1008 8
627 953 744 1009 DE.
774 950 884 1009 Dis
911 952 1152 1026 magnas
1181 949 1396 1009 merito
1421 949 1638 1026 gratias
1666 947 1861 1008 habeo
1887 950 2066 1024 atque
2096 965 2227 1023 ago,

773 1046 1033 1122 Quando
1060 1049 1313 1106 euenere
1344 1046 1493 1106 haec
1520 1045 1713 1119 nobiS,
1744 1046 1935 1117 frater,
1968 1049 2271 1121 prospere.
2844 1044 2963 1102 895

453 1154 556 1213 (ια)
629 1145 745 1204 Cn.
777 1146 961 1203 Estne
990 1148 1071 1204 ita
1098 1144 1190 1203 uti
1213 1143 1339 1205 dixi
1366 1143 1661 1204 liberalis?
1744 1144 1860 1202 DE.
1906 1126 2169 1222 Oppido,

774 1242 1078 1316 Quantum
1106 1251 1323 1319 potest,
1351 1261 1510 1301 nunc
1541 1241 2019 1303 conueniundust
2049 1240 2344 1314 PhormiO,

775 1339 939 1398 Prius
967 1341 1148 1416 quam
1175 1339 1465 1416 dilapidat
1492 1344 1721 1399 ndstras
1753 1340 1990 1416 triginta
2020 1339 2206 1396 minas

451 1461 474 1510 5
773 1437 853 1494 Vt
881 1437 1239 1508 auferamus.
1323 1438 1645 1515 (Pnomo
1672 1457 1857 1497 comes
1884 1446 1993 1496 out
2014 1437 2146 1494 and
2165 1444 2336 1494 meets
2371 1436 2521 1494 them
2564 1454 2634 1493 as
2676 1437 2803 1511 they

1253 1543 1413 1596 start
1440 1544 1496 1594 to
1537 1536 1700 1596 leave
1741 1537 1835 1595 the
1873 1534 2080 1611 stage.)
2173 1536 2281 1593 ΡΗ.
2320 1534 2410 1611 (to
2452 1532 2702 1606 himself,
2731 1553 2801 1591 as

1255 1632 1318 1707 ff
1344 1640 1454 1691 not
1478 1633 1787 1709 observing
1811 1631 1994 1709 them)
2033 1631 2477 1707 Demiphonem
2506 1634 2553 1688 si
2583 1629 2802 1689 domist

773 1729 995 1801 Visam,
1018 1732 1084 1787 1'1t
1110 1728 1274 1804 quod
1320 1774 1335 1789 .
1380 1774 1395 1789 .
1439 1731 1555 1790 DE.
1588 1730 1915 1810 (accostt'ng
1935 1727 2092 1806 him)
2122 1730 2201 1786 At
2226 1729 2344 1787 nos'
2364 1726 2442 1785 ad
2471 1738 2531 1786 te
2552 1728 2801 1801 ibamuS‚
2843 1728 2962 1786 900

1257 1828 1553 1888 Phormio.

637 1925 747 1983 ΡΗ.
777 1924 872 1982 De
915 1922 1129 1983 eadem
1172 1925 1283 1983 hac
1324 1926 1568 1985 fortasse
1611 1926 1832 1985 causa?
1912 1925 2027 1984 DE.
2079 1922 2397 2002 (nodding)
2451 1924 2544 1981 Ita
2585 1924 2801 1982 hercle.

1260 2024 1373 2082 ΡΗ.
1414 2022 1700 2083 Credidi:

777 2118 939 2194 Quid
968 2118 1044 2178 ad
1073 2138 1172 2177 me
1199 2120 1413 2179 ibatis?
1494 2122 1611 2180 DE.
1654 2119 2035 2179 Ridiculum!
2102 2122 2211 2179 ΡΗ.
2250 2118 2678 2198 (ιἠιίιζςηαηίίγ)
2709 2121 2803 2177 An

1260 2218 1553 2278 rebamini

774 2316 886 2373 Me
914 2319 1038 2373 non
1064 2314 1126 2373 id
1156 2316 1362 2388 facere,
1391 2314 1556 2392 quod
1584 2316 1944 2392 recepissem
1973 2315 2197 2375 semel?

455 2438 510 2470 ιο
650 2461 655 2465 .
778 2414 968 2485 HeuS,
994 2415 1216 2487 quanta
1242 2423 1464 2489 quanta
1488 2413 1637 2472 haec
1665 2415 1802 2472 mea
1828 2423 2143 2489 paupertas
2172 2415 2280 2486 est,
2313 2422 2513 2471 tamen

774 2509 988 2568 Adhuc
1016 2510 1216 2568 curaui
1242 2529 1427 2569 unum
1456 2511 1573 2570 hoc
1601 2510 1866 2586 quidem,
1894 2520 1959 2569 ut
1988 2509 2069 2568 mi
2100 2512 2257 2568 esset
2282 2508 2450 2569 fides,
2842 2509 2963 2567 905

455 2632 507 2678 ¹3
776 2605 967 2682 quue
997 2606 1151 2666 adeo
1178 2608 1357 2667 uenio
1384 2608 1737 2680 nuntiatum,
1768 2608 2088 2683 Demipho,

775 2706 1047 2762 Paratum
1077 2723 1173 2764 me
1203 2723 1331 2764 esse
1356 2727 1369 2766 :
1414 2705 1515 2766 ubi
1543 2706 1737 2778 uoltis,
1767 2707 2010 2764 uxorem
2039 2705 2197 2764 date.

455 2827 472 2857 ι
481 2825 503 2873 5
776 2802 934 2859 Nam
962 2805 1152 2860 omnis
1179 2803 1498 2880 posthabui
1525 2803 1671 2862 mihi
1698 2821 1810 2875 reS,
1839 2803 1922 2862 ita
1946 2803 2032 2862 uti
2059 2806 2166 2878 par
2193 2803 2319 2877 fuit,

776 2900 1094 2974 Postquam
1124 2898 1188 2957 id
1216 2909 1382 2960 tanto
1409 2919 1591 2976 opere
1621 2905 1731 2961 uos
1757 2901 1909 2959 uelle
1938 2902 2201 2959 animum
2229 2900 2623 2960 aduorteram.

630 2996 743 3052 DE.
774 2997 854 3053 At
894 2995 990 3053 hic
1027 2997 1334 3074 (pointing
1371 3006 1428 3056 to
1471 2996 1794 3074 CHREMES)
1844 2997 2188 3057 dehortatus
2230 3000 2322 3056 est
2361 3016 2478 3071 me,
2521 3016 2597 3055 ne
2640 2998 2799 3055 illam
2841 2998 2960 3056 910

1255 3094 1362 3154 tibi
1389 3095 1594 3155 darem
1618 3117 1632 3155 τ

774 3192 965 3250 ‘Nam
993 3195 1095 3267 qui
1122 3192 1230 3252 erit
1259 3211 1458 3252 rumor
1485 3193 1693 3270 populi
1712 3195 1748 3267 '‚
1776 3193 1983 3270 inquit,
2015 3197 2032 3225 ‘
2050 3194 2099 3253 si
2126 3193 2189 3251 id
2218 3194 2471 3252 feceris?

772 3288 932 3349 oum
958 3306 1142 3364 quom
1170 3289 1418 3350 honeste
1447 3291 1660 3367 potuit,
1691 3300 1817 3349 tum
1845 3309 1972 3374 non·
1995 3294 2084 3351 est
2107 3285 2286 3350 data:

449 3407 508 3441 20
773 3386 950 3444 Nunc
977 3386 1217 3446 uiduam
1247 3387 1479 3447 extrudi
1509 3391 1736 3464 turpest
1756 3389 1790 3446 '.
1876 3388 2057 3447 ferme
2087 3388 2301 3448 eadem
2330 3389 2548 3462 omnia,

774 3482 945 3557 Quae
973 3486 1097 3543 tute
1127 3482 1355 3544 dudum
1381 3490 1583 3545 coram
1613 3503 1710 3543 me
1738 3485 2130 3545 incusaueras.

632 3579 743 3638 ΡΗ.
772 3580 920 3639 Satis
950 3581 1203 3656 superbe
1232 3581 1491 3642 inluditis
1521 3601 1640 3641 me.
1726 3583 1841 3641 DE.
1886 3582 2044 3656 Qui?
2127 3584 2236 3642 ΡΗ.
2280 3585 2523 3659 Rogas?
2838 3581 2958 3642 915
