3209 4109
455 229 517 282 12

454 806 533 864 90

456 1294 532 1352 95

461 1785 576 1842 100

464 2271 576 2329 105

466 2762 578 2817 110

467 3245 579 3302 115

1530 230 1895 281 PHORMJO.
2753 229 2975 296 [i.2.36-

778 412 1019 485 sectari,
1048 411 1109 470 in
1137 410 1341 470 ludum
1371 410 1592 471 ducere
1623 421 1684 471 et
1712 410 2062 471 redducere.

778 511 907 569 Nos
936 510 1110 568 otiosi
1139 511 1385 586 operam
1413 508 1702 569 dabamus
1733 508 2076 569 Phaedriae.

777 609 852 667 In
880 625 1001 683 quo
1028 606 1177 665 haec
1206 606 1475 666 discebat
1502 606 1668 680 ludo,
1698 606 2092 666 exaduorsum
2121 606 2258 667 ssico

774 708 1093 765 Tonstrina
1121 714 1247 764 erat
1275 703 1608 780 quaedam:
1654 704 1752 763 hic
1780 704 2115 764 solebamus
2144 705 2266 764 fere

778 802 1131 879 Plenimque
1161 821 1295 862 eam
1324 801 1602 878 opperiri,
1632 801 1777 861 dum
1804 802 1945 862 inde
1974 802 2086 862 iret
2113 802 2381 863 domum.
2912 830 2978 877 40

777 902 1014 960 Interea
1041 901 1186 960 dum
1216 899 1492 959 sedemus
1521 900 1621 974 illi,
1653 900 1972 960 interuenit

777 1000 1142 1059 Adulescens
1171 997 1415 1075 quidam
1446 998 1796 1058 lacrumans.
1880 1017 1992 1057 nos
2023 998 2322 1073 mirarier3

778 1099 1083 1173 Rogamus
1111 1096 1256 1173 quid
1285 1097 1377 1155 sit.
1462 1101 1478 1128 ‘
1499 1099 1825 1172 numquam
1854 1114 2044 1172 aeque
2067 1098 2081 1124 ’
2110 1097 2301 1172 inquit
2328 1100 2347 1129 ‘
2363 1097 2436 1155 ac
2464 1096 2651 1157 modo

780 1196 1101 1271 Paupertas
1130 1194 1274 1252 mihi
1303 1212 1450 1253 onus
1480 1198 1726 1253 uisumst
1755 1204 1815 1253 et
1842 1194 2122 1252 miserum
2152 1195 2214 1253 et
2241 1211 2441 1270 graue.

778 1292 971 1352 Modo
998 1292 1296 1368 quandam
1324 1287 1450 1350 uidi
1479 1292 1766 1367 uirginem
1795 1291 1893 1350 hic
1920 1291 2173 1351 uiciniae
2911 1316 2971 1365 45

780 1391 1061 1449 Miseram
1089 1408 1255 1448 suam
1283 1399 1532 1448 matrem
1561 1389 1867 1448 lamentari
1896 1393 2206 1450 mortuam.

779 1489 871 1547 Ea
898 1492 1007 1546 sita
1035 1497 1158 1546 erat
1186 1486 1596 1559 exaduersum,
1625 1505 1821 1563 neque
1849 1487 1930 1545 illi
1958 1487 2262 1546 beniuolus

781 1587 995 1662 Neque
1024 1589 1197 1645 notus
1225 1602 1419 1661 neque
1449 1586 1737 1661 cognatus
1768 1594 1932 1643 extra
1958 1603 2135 1643 unam
2164 1584 2458 1643 aniculam

780 1684 1110 1759 Quisquam
1138 1681 1361 1755 aderat,
1392 1683 1494 1758 qui
1523 1681 1818 1741 adiutaret
1848 1682 2017 1741 funus
2041 1705 2053 1741 :
2099 1682 2498 1742 miseritumst.

777 1782 962 1858 Virgo
990 1784 1120 1857 ipsa
1147 1781 1298 1840 facie
1329 1781 1599 1856 egregia.’
1686 1779 1831 1856 quid
1860 1780 2054 1839 uerbis
2083 1782 2302 1856 opust?
2913 1804 2976 1855 50

780 1880 1132 1940 Commorat
1159 1879 1351 1937 omnis
1379 1881 1506 1936 nes
1588 1878 1675 1936 ibi
1703 1878 1988 1937 continuo
2015 1866 2286 1955 Antipho

780 1981 797 2009 ‘
814 1977 1080 2036 Voltisne
1111 1994 1312 2035 eamus
1339 1976 1574 2034 uisere?
1592 1977 1606 2002 '
1651 1976 1796 2033 alius
1825 1979 1844 2008 ‘
1862 1977 2080 2034 censeo
2104 1997 2117 2034 ε

780 2076 1002 2134 Eamus
1026 2097 1038 2133 ε
1085 2074 1202 2133 duc
1231 2092 1340 2132 nos
1370 2072 1584 2132 sodes)
1668 2074 1838 2145 imuS‚
1868 2073 2156 2146 uenimus,

779 2172 1089 2232 Videmus,
1171 2172 1336 2247 uirgo
1365 2170 1631 2246 pulchra,
1662 2181 1722 2229 et
1751 2189 1871 2246 quo
1899 2170 2083 2247 magis
2112 2170 2363 2245 dicereS,

782 2270 885 2328 Nil
912 2270 1118 2329 aderat
1146 2268 1468 2327 adiumenti
1498 2267 1575 2326 ad
1604 2268 2141 2344 pulchritudinem:
2915 2293 2969 2345 55

779 2367 1041 2445 Capillus
1070 2385 1293 2448 passus,
1323 2366 1517 2425 nudus
1545 2384 1673 2441 peS,
1702 2365 1831 2441 ipsa
1857 2365 2113 2439 horrida,

678 2463 691 2474 ⁵
782 2466 1123 2536 lacrumae,
1153 2464 1397 2523 uestitus
1427 2463 1650 2538 turpis:
1693 2473 1776 2535 ut,
1804 2464 1869 2521 ni
1895 2466 1983 2522 uis
2014 2463 2154 2522 boni

783 2564 857 2621 In
883 2565 1011 2639 ipsa
1039 2563 1254 2620 inesset
1284 2561 1487 2633 ferma,
1519 2561 1669 2619 haec
1699 2561 1945 2619 formam
1976 2564 2397 2637 extinguerent.

783 2660 892 2719 Ille
919 2660 1020 2735 qui
1048 2660 1205 2718 illam
1234 2659 1471 2717 amabat
1500 2657 1822 2732 fidicinam,
1852 2662 2080 2717 tantum
2110 2657 2294 2718 modo

782 2757 968 2817 ‘Satis
988 2759 1002 2785 '
1033 2757 1222 2832 inquit
1249 2760 1266 2788 ‘
1286 2757 1486 2814 scitast
1506 2758 1520 2782 '
1542 2777 1560 2830 ς
1591 2759 1796 2814 nester
1824 2774 1967 2815 uero
2012 2801 2026 2815 .
2073 2801 2086 2816 .
2131 2757 2246 2814 DA.
2290 2757 2421 2815 Iam
2448 2755 2612 2816 scio:
2803 2765 2806 2768 ’
2871 2752 2876 2756 ’
2910 2768 2974 2821 60

781 2856 997 2929 Amare
1025 2855 1244 2931 coepit.
1327 2854 1442 2914 GE.
1484 2853 1623 2912 Scin
1652 2854 1873 2930 quam?
1912 2872 2032 2929 quo
2062 2853 2278 2913 euadat
2304 2853 2462 2913 uide.
2797 2849 2802 2855 ⁴

783 2951 1072 3011 Postridie
1101 2951 1180 3010 ad
1208 2970 1386 3010 anum
1416 2954 1581 3010 recta
1605 2952 1833 3027 pergit:
1879 2952 2168 3024 obsecrat,

780 3051 862 3109 Vt
889 3050 998 3109 sibi
1027 3050 1151 3107 eius
1180 3049 1355 3107 faciat
1384 3050 1639 3125 copiam.
1721 3049 1818 3107 illa
1846 3049 2006 3108 enim
2035 3050 2098 3107 se
2125 3059 2304 3125 negat

784 3147 1000 3221 Ne'que
1028 3165 1162 3204 eum
1193 3150 1448 3222 aequom
1477 3151 1557 3205 a’1‘t
1587 3147 1780 3205 facere
1804 3167 1818 3205 :
1861 3146 2020 3204 illam
2049 3146 2242 3205 ciuem
2270 3163 2401 3206 esse
2428 3136 2714 3221 Atticam,

784 3245 1011 3303 Bonam
1041 3244 1214 3303 bonis
1241 3246 1590 3321 prognatam
1614 3265 1628 3304 t
1673 3244 1723 3302 si
1749 3246 1994 3303 uxorem
2022 3243 2182 3317 uelit,
2910 3256 2968 3318 65

784 3342 947 3417 Lege
975 3340 1037 3400 id
1066 3342 1242 3401 licere
1271 3342 1467 3400 facere
1488 3363 1505 3415 3
1549 3341 1640 3400 sin
1669 3341 1855 3415 aliter,
1884 3351 2079 3418 negat.

783 3439 1005 3498 Noster
1030 3438 1176 3514 quid
1204 3448 1404 3515 ageret
1431 3439 1698 3498 nescire:
1745 3448 1805 3497 et
1833 3439 1989 3497 illam
2016 3438 2241 3498 ‘docere
2342 3468 2346 3472 v

783 3537 1081 3613 Cupiebat
1108 3546 1170 3598 et
1198 3537 1499 3596 metuebat
1526 3537 1833 3596 absentem
1863 3545 2111 3613 patrem.
