3209 4109
465 295 636 361 v.64]
1539 293 1902 343 PHORMJO.
2912 291 2973 343 53

786 476 883 536 Ab
910 476 1146 536 senibus
1172 473 1252 536 ad
1271 473 1604 553 potandum
1624 484 1691 533 ut
1713 475 1965 535 habeam
1985 495 2004 549 3
2035 492 2173 533 nam
2193 472 2434 549 aliquod
2455 473 2563 533 hos
2586 475 2813 534 sumam

1269 572 1416 632 dies·

467 698 488 746 3
645 674 757 731 AN.
795 670 1022 750 (aside)
1060 669 1178 731 Sed
1207 670 1557 730 Phormiost.
1638 668 1891 749 (aloud)
1921 669 2065 745 quid
2093 660 2177 728 ais
2192 670 2221 728 ?
2288 670 2397 728 ΡΗ.
2429 668 2634 744 Quid?
2697 671 2812 730 ΑΝ.

1249 767 1434 852 Ωιιίᾱ
1461 786 1600 826 nam
1628 771 1788 826 nunc
1818 768 2098 825 factumst
2128 766 2416 826 Phaedria
2429 768 2458 826 ?

788 866 926 941 Quo
954 868 1132 941 pacto
1160 865 1491 924 satietatem
1519 866 1737 924 amoris
1766 868 1846 926 ait
1874 884 1937 924 se
1964 865 2118 924 uelle
2146 865 2453 924 absumere
2469 867 2498 924 ?

649 965 754 1021 ΡΗ.
786 964 1062 1021 Vicissim
1090 963 1269 1038 partis
1298 964 1427 1022 tuas
1455 972 1690 1022 acturus
1718 962 1827 1024 est.
1908 965 2022 1023 AN.
2068 964 2274 1038 Quas?
2355 964 2465 1022 ΡΗ.
2506 963 2587 1022 Vt
2609 963 2817 1039 fugitet
2855 961 2976 1021 835

1271 1069 1520 1136 patrem.

785 1159 876 1218 Te
905 1160 1037 1216 suas
1064 1158 1293 1234 rogauit
1321 1160 1549 1217 rursum
1575 1167 1641 1217 ut
1669 1176 1890 1234 ageres,
1920 1161 2160 1217 causam
2187 1167 2253 1217 ut
2281 1177 2391 1234 pro
2419 1176 2482 1218 se
2513 1155 2742 1217 diceres
2762 1179 2780 1232 3

792 1255 949 1313 Nam
977 1259 1284 1331 potaturus
1313 1257 1403 1314 est
1431 1255 1591 1332 apud
1620 1274 1737 1314 me.
1822 1274 1935 1331 ego
1964 1274 2061 1314 me
2089 1259 2172 1313 ire
2202 1256 2437 1314 senibus
2466 1255 2707 1315 Sunium

472 1380 526 1411 10
792 1353 1008 1412 Dicam
1035 1353 1113 1411 ad
1140 1362 1484 1426 mercatum,
1514 1353 1847 1412 ancillulam
1878 1363 2146 1428 emptum
2178 1352 2406 1412 dudum
2448 1371 2627 1427 quam
2668 1353 2817 1411 dixit

1275 1451 1429 1510 Geta
1452 1472 1466 1509 τ

791 1548 888 1607 Ne
924 1566 1110 1623 quom
1150 1548 1248 1606 hic
1288 1566 1410 1607 non
1449 1546 1711 1621 uideant,
1740 1551 1838 1607 me
1881 1550 2178 1607 conficere
2221 1548 2467 1607 credant
2510 1551 2817 1623 argentum

1274 1664 1463 1705 suom.
1555 1646 1717 1723 (The
1742 1647 1892 1704 door
1914 1645 1989 1719 qs
2017 1647 2354 1704 DEMIPHO'S
2381 1646 2560 1703 house
2585 1644 2809 1721 opens.)

792 1742 911 1803 Sed
955 1744 1171 1803 Ostium
1216 1744 1564 1819 concrepuit
1607 1744 1712 1802 abs
1757 1753 1836 1803 te.
1918 1745 2031 1802 AN.
2084 1744 2440 1821 (retreating
2478 1744 2602 1801 into
2646 1743 2817 1800 back·
2858 1740 2978 1800 840

1264 1843 1511 1917 ground
1524 1839 1644 1915 sor
1648 1840 1803 1914 sear
1826 1839 1901 1915 qs
1925 1841 2018 1900 his
2034 1839 2277 1918 father)
2314 1838 2468 1900 Vide
2497 1840 2628 1916 quis
2654 1858 2816 1916 egre-

1273 1938 1449 1998 ditur.
1534 1940 1646 1998 PH.
1690 1939 1918 1999 Getast.

1579 2128 1777 2186 Sem
1818 2130 1876 2186 6.

472 2273 627 2323 GETA
648 2273 1017 2338 congratulates
1039 2275 1290 2324 ANTIPHO
1313 2290 1382 2323 on
1404 2274 1484 2324 his
1505 2276 1643 2338 good
1666 2274 1880 2334 fortune,
1904 2274 2176 2338 infor-ming
2196 2274 2304 2324 him
2329 2274 2389 2323 of
2416 2289 2483 2324 au
2509 2273 2765 2325 interview
2787 2275 2853 2323 he
2887 2275 2980 2324 has

556 2356 832 2406 overheard
853 2357 1084 2406 between
1106 2357 1368 2406 CHREMES
1392 2358 1494 2407 and
1518 2358 1797 2417 PHANIUM,
1815 2358 1943 2406 from
1961 2357 2125 2406 which
2150 2358 2237 2410 the
2254 2357 2442 2406 latter's
2458 2363 2731 2423 parentage
2750 2373 2978 2422 appears·

558 2440 643 2487 He
667 2440 792 2488 adds
815 2440 923 2488 that
947 2439 1034 2488 the
1058 2445 1156 2488 two
1181 2439 1267 2489 old
1288 2455 1406 2488 men
1429 2440 1558 2488 have
1581 2440 1797 2489 decided
1820 2447 1872 2489 to
1895 2440 2083 2502 forgive
2105 2442 2399 2488 ANTIFHO'S
2423 2439 2545 2489 fault
2579 2441 2681 2489 and
2715 2440 2979 2503 recognize

555 2521 633 2570 his
653 2520 913 2585 marriage.

1104 2619 1338 2700 [Enter
1361 2623 1533 2681 GETA
1553 2621 1726 2697 from
1758 2623 2096 2682 Dmmno's
2123 2621 2353 2701 house]

1035 2780 1242 2839 GETA
1482 2783 1829 2840 ANTIPHO
2075 2784 2427 2840 Pnonmo

1044 2889 1238 2926 SERVOS
1484 2890 1825 2927 ADVLESCENS
2110 2890 2389 2927 PARASITVS

475 2999 528 3056 V
554 3013 583 3057 6
652 3000 764 3059 GE.
803 3000 1204 3080 (soliloquizes‚
1249 3009 1356 3059 not
1396 3001 1705 3077 observing
1749 3003 1843 3061 the
1881 3000 2106 3076 others)
2158 2986 2213 3061 O
2264 3003 2542 3074 Fortuna,
2584 3021 2622 3061 o
2672 3003 2820 3061 Fors

1278 3099 1555 3172 Fortuna,
1585 3101 1819 3175 quautis
1849 3099 2387 3172 commoditatibuS,

797 3196 992 3270 Quam
1021 3196 1215 3256 subito
1245 3215 1381 3256 meo
1420 3216 1522 3256 ero
1565 3187 1897 3275 Antiphoni
1938 3217 2054 3274 ope
2096 3202 2296 3258 nostra
2336 3197 2495 3256 hunc
2536 3201 2818 3256 onerastis

1277 3296 1438 3355 diem
1465 3300 1476 3355 ἒ

650 3391 760 3448 ΑΝ.
802 3390 998 3470 (aside
1027 3400 1083 3451 to
1114 3393 1426 3471 PHORMIO)
1461 3394 1622 3470 Quid
1643 3414 1783 3454 nam
1806 3396 1903 3453 hic
1924 3396 2035 3455 sibi
2056 3397 2180 3455 uolt
2194 3397 2222 3453 Ρ
2302 3395 2415 3454 GE.
2449 3394 2825 3472 (continuing

1274 3491 1578 3570 soliloquy)
1600 3497 1828 3568 nosque
1847 3495 2069 3553 amicos
2089 3497 2211 3552 eius
2235 3495 2592 3553 exonerastis
2614 3503 2776 3551 metu
2803 3495 2816 3551 Ξ

794 3586 913 3645 Sed
942 3605 1056 3664 ego
1081 3606 1239 3646 nunc
1269 3589 1412 3647 mihi
1442 3591 1630 3663 cessO,
1660 3591 1763 3665 qui
1789 3609 1911 3649 non
1938 3594 2206 3649 umerum
2236 3590 2393 3648 hunc
2427 3607 2610 3649 onero
2641 3587 2820 3664 pallio
