3209 4109
279 290 344 341 38
1354 288 1717 338 PHORMIO.
2549 286 2785 354 [iv.1.17-

599 470 864 545 Tacebit,
896 470 1042 529 dum
1069 470 1400 530 intercedet
1431 470 1787 529 familihsitas
1809 491 1827 544 ;

600 570 701 628 Sin
728 569 1013 645 spreuerit
1041 586 1157 641 me,
1186 568 1318 644 plus
1346 586 1526 644 quam
1555 586 1706 643 opus
1736 579 1825 628 est
1851 569 2001 628 scite
2028 569 2195 629 sciet.

275 665 395 727 585
596 667 938 742 Vereorque
967 684 1043 725 ne
1072 685 1220 725 uxor
1247 666 1441 742 aliqua
1467 666 1584 725 hoc
1614 666 1891 725 resciscat
1919 685 2088 726 mea:

600 766 781 841 Quod
812 769 859 824 si
888 766 970 839 fit,
1000 776 1065 825 ut
1093 785 1191 826 me
1220 766 1514 825 excutiam
1543 776 1723 842 atque
1753 764 2023 842 egrediar
2050 764 2253 839 domo,
2729 791 2790 825 20

602 865 677 924 Id
703 867 881 924 restat
901 885 919 938 3
961 883 1100 924 nam
1131 883 1244 942 ego
1273 868 1543 924 meorum
1571 864 1730 924 solus
1759 866 1890 923 sum
1919 881 2102 922 meus,

455 963 572 1022 DE.
603 963 738 1022 Scio
767 963 850 1021 ita
876 964 1025 1036 esse,
1054 972 1114 1021 et
1142 963 1326 1022 istaec
1356 962 1500 1021 mihi
1529 980 1623 1021 res
1650 960 2105 1034 sollicitudinist,

601 1061 816 1135 Neque
845 1058 1161 1119 defetiscar
1188 1063 1375 1135 usque
1404 1059 1558 1119 adeo
1586 1058 1920 1135 experirier,

277 1158 396 1217 590
600 1160 815 1217 Donec
845 1158 953 1217 tibi
979 1157 1043 1216 id
1070 1157 1235 1233 quod
1263 1157 1558 1234 pollicitus
1585 1174 1717 1215 sum
1745 1156 2018 1216 effecero·

1388 1380 1683 1456 Scmmz.

279 1541 442 1600 GETA,
459 1541 648 1605 having
670 1543 917 1605 arranged
941 1557 971 1590 a
988 1540 1109 1605 plan
1125 1540 1245 1588 with
1262 1541 1520 1589 PHORMIO
1543 1545 1596 1589 to
1616 1539 1789 1589 obtain
1807 1539 1894 1588 the
1913 1555 2175 1603 necessary
2190 1554 2373 1602 money
2389 1538 2467 1588 sor
2484 1538 2789 1596 PHAEDRIA,

362 1640 475 1673 now
498 1632 742 1673 comesto
766 1640 905 1687 carry
928 1624 966 1673 it
990 1630 1093 1672 out.
1163 1624 1250 1671 He
1274 1623 1315 1671 is
1337 1622 1612 1671 somewhat
1648 1623 1996 1671 disconcerted
2030 1628 2082 1671 at
2114 1622 2380 1685 observing
2412 1621 2499 1670 the
2533 1626 2701 1669 return
2734 1618 2791 1668 of

361 1707 637 1765 CHREMES,
661 1706 750 1755 but
775 1706 1078 1756 determines
1101 1711 1190 1754 not
1214 1711 1266 1753 to
1289 1704 1360 1753 let
1382 1705 1492 1754 that
1515 1704 1751 1753 interfere
1773 1704 1896 1753 with
1918 1704 1998 1753 his
2021 1704 2232 1767 original
2254 1704 2447 1767 design.

287 1851 386 1931 [E
388 1861 521 1911 nter
545 1854 716 1912 GETA
723 1852 896 1927 from
924 1853 1172 1924 Forum,
1196 1869 1255 1911 R.
1329 1851 1720 1927 Soliloquizes,
1746 1859 1855 1910 not
1873 1852 2184 1927 observing
2207 1851 2299 1909 the
2326 1858 2445 1909 two
2471 1851 2576 1909 old
2594 1846 2779 1928 mem]

827 2015 1034 2073 GETA
1274 2015 1634 2072 DEMIPHO
1876 2013 2240 2073 CHREMES

831 2123 1026 2160 SERVOS
1374 2122 1534 2159 SENES
2037 2121 2080 2157 11

281 2229 368 2286 IV
393 2255 420 2285 2
455 2229 568 2287 GE.
606 2227 696 2305 (to
723 2227 999 2304 himself)
1011 2229 1143 2303 Ego
1171 2228 1478 2287 hominem
1505 2225 1872 2286 callidiorem
1899 2226 2025 2285 uidi
2053 2226 2356 2285 neminem

599 2326 796 2400 Quam
826 2326 1261 2384 Phormionem.
1344 2325 1524 2384 uenio
1551 2323 1631 2382 ad
1659 2324 1982 2396 hominem,
2011 2332 2077 2381 ut
2104 2312 2368 2382 dicerem

600 2424 923 2499 Argentum
954 2440 1102 2497 opus
1132 2441 1260 2482 esse
1289 2432 1350 2481 et
1378 2421 1440 2481 id
1467 2439 1589 2497 quo
1617 2430 1796 2497 pacto
1826 2422 2013 2480 fleret.

595 2521 712 2578 Vix
739 2520 882 2579 dum
912 2519 1224 2579 dimidium
1253 2519 1537 2592 dixeram,
1565 2519 1972 2577 intellexerat:
2227 2561 2251 2584 1.
2300 2545 2308 2553 2

275 2617 396 2676 595
598 2617 932 2691 Gaudebat,
963 2636 1060 2676 me
1089 2616 1386 2690 laudabat,
1416 2617 1743 2692 quaerebat
1770 2634 1993 2675 senem.
2760 2640 2785 2690 5

599 2716 708 2774 Dis
735 2716 948 2792 gratias
976 2716 1207 2791 agebat,
1236 2724 1472 2789 ternpus
1501 2714 1611 2773 sibi
1639 2713 1785 2785 dari,

594 2814 714 2873 Vbi
742 2813 1064 2872 Phaedriae
1093 2831 1217 2871 esse
1246 2812 1587 2871 ostenderet
1616 2812 1738 2871 nile
1766 2812 1958 2870 minus

594 2912 866 2969 Amicum
894 2930 1018 2969 sese
1047 2929 1225 2986 quam
1256 2900 1607 2984 Antiphoni.
1693 2909 1995 2968 hominem
2024 2907 2102 2967 ad
2130 2909 2325 2968 forum

599 3008 748 3066 Iussi
775 3008 1035 3082 opperiri
1059 3030 1072 3066 ε
1118 3026 1192 3067 eo
1221 3026 1317 3065 me
1349 3010 1476 3065 esse
1505 3005 1902 3065 adducturum
1929 3024 2153 3064 senem.

273 3104 392 3162 600
605 3103 892 3182 (Calches
930 3105 1089 3180 szjght
1122 3103 1198 3178 of
1226 3104 1566 3180 DEMIPHO.)
1651 3102 1770 3162 Sed
1813 3121 2023 3161 eccum
2064 3106 2276 3179 ipsum.
2360 3102 2491 3178 quis
2534 3111 2624 3161 est
2733 3128 2786 3159 10

1075 3202 1356 3261 ulterior?
1417 3201 1513 3279 (in
1571 3202 1820 3275 dismay,
1878 3201 2241 3276 recognizing
2289 3198 2612 3277 CHREMES)

1078 3309 1245 3372 attat,
1275 3299 1599 3357 Phaedriae

597 3398 771 3454 Pater
796 3396 978 3454 uenit.
1056 3395 1372 3474 (plucking
1395 3404 1474 3470 up
1501 3394 1779 3472 courage)
1810 3394 1918 3454 sed
1946 3395 2091 3470 quid
2119 3395 2396 3471 pertimui
2424 3403 2624 3453 autem

1079 3493 1254 3551 belua
1267 3494 1295 3549 ?
2313 3510 2318 3516 ·

599 3591 693 3646 An
721 3591 858 3662 quia
884 3606 1032 3661 quos
1060 3589 1255 3645 fallam
1283 3606 1393 3663 pro
1420 3591 1542 3646 uno
1571 3588 1693 3647 duo
1723 3600 1857 3648 sunt
1885 3593 1966 3648 mi
1993 3589 2162 3649 dati?
