3209 4109
415 243 625 310 v.9.51.]
1491 239 1855 291 PHORMIO.
2860 234 2927 287 63

593 423 652 482 N
654 442 711 483 A.
742 423 904 499 Quid
948 442 1062 501 ego
1105 441 1299 500 aequo
1340 422 1584 481 animo?
1623 420 1804 497 copio
1848 419 2064 480 misera
2103 419 2167 478 in
2208 418 2320 479 hac
2350 435 2413 477 re
2458 418 2575 477 iam
2620 416 2726 478 de-

1221 520 1487 597 fongier3

739 618 857 680 Sed
886 618 990 694 qui
1015 618 1082 678 id
1110 619 1386 694 sperem?
1417 619 1613 677 aetate
1642 634 1821 694 porro
1850 618 2041 676 minus
2071 617 2453 692 peccaturom
2482 614 2731 691 putem?

741 718 872 783 Iam
900 726 1024 776 tum
1054 725 1179 775 erat
1206 718 1406 789 senex,
1435 724 1709 775 senectus
1736 718 1785 773 si
1812 711 2186 773 uerecundos
2214 712 2373 771 facit.

417 839 470 889 35
739 804 841 874 An
880 832 1016 873 mea
1056 815 1246 873 forma
1292 822 1469 889 atque
1519 814 1682 872 aetas
1722 830 1881 872 nunc
1923 810 2109 888 magis
2152 810 2561 887 expetendast,
2604 811 2725 869 De-

715 923 721 929 ·
1221 911 1427 987 mipho
1442 911 1471 970 Ρ

742 1008 903 1084 QuId
948 1009 1031 1067 mi
1074 1009 1172 1067 hic
1215 1007 1430 1082 adferS,
1467 1026 1649 1084 quam
1694 1008 1775 1070 ob
1819 1026 1946 1067 rem
1992 1014 2305 1083 expectem
2348 1015 2448 1065 aut
2492 1008 2730 1082 sperem
2771 1003 2929 1066 1025

1223 1124 1400 1183 porro
1430 1110 1552 1166 non
1579 1106 1706 1165 fore
1721 1106 1750 1165 Ρ

597 1205 709 1263 ΡΗ.
746 1203 972 1282 (loudly
997 1205 1131 1263 and
1148 1202 1495 1281 mockingly)
1528 1189 1857 1279 Exsequias
1884 1202 2190 1263 Chremeti
2211 1202 2424 1278 quibus
2446 1210 2537 1260 est
2558 1204 2721 1260 com-

1227 1301 1474 1361 modum
1503 1301 1607 1375 ire,
1637 1319 1734 1360 em
1763 1303 1999 1376 tempus
2028 1308 2137 1359 est.

741 1401 838 1459 Sic
865 1399 1063 1460 dabo:
1112 1398 1445 1479 (defiantly)
1483 1416 1592 1475 age
1633 1415 1814 1471 nune,
1845 1396 2263 1456 Phormionem
2301 1398 2404 1473 qui
2441 1396 2606 1455 uolet
2644 1394 2727 1455 la·

1224 1496 1475 1556 cessito:

741 1596 904 1655 Faxo
932 1594 1034 1653 tali
1060 1598 1135 1654 sit
1162 1604 1452 1653 mactatus
1481 1595 1659 1670 atque
1702 1593 1798 1652 hic
1833 1592 2141 1672 (pointing
2176 1599 2233 1651 to
2275 1590 2603 1669 CHREMES)
2640 1600 2758 1670 est,

1219 1692 1559 1751 infortunio,

578 1791 694 1849 DE·
745 1791 781 1827 ὕ
1026 1791 1062 1827 3·
1306 1790 1342 1826 ὕ
1586 1790 1623 1826 3·
1868 1789 1904 1825 ὕ
2150 1788 2186 1824 3·
2429 1788 2465 1824 ὕ

418 1914 478 1959 40
506 1940 509 1944 .
592 1889 705 1948 ΡΗ.
754 1887 843 1966 (to
871 1884 1138 1965 himself)
1170 1885 1407 1946 Redeat
1433 1904 1575 1946 sane
1604 1886 1667 1945 in
1693 1885 1942 1962 gratiam
1969 1884 2125 1945 iam:
2170 1884 2425 1961 snpplici
2457 1885 2598 1945 satis
2639 1886 2729 1945 est

742 2082 948 2141 Habet
974 2082 1122 2141 haec
1152 2085 1209 2141 ei‘
1233 2081 1418 2158 quod,
1447 2081 1593 2141 dum
1621 2082 1802 2155 uiuat,
1831 2085 2018 2158 osque
2047 2080 2125 2140 ad
2154 2099 2356 2140 aurem
2386 2080 2726 2157 obganniat.
2769 2078 2931 2141 1030

594 2181 712 2240 ΝΑ.
740 2170 826 2239 At
855 2198 993 2239 meo
1022 2179 1232 2239 merito
1260 2179 1463 2239 credo.
1546 2178 1692 2255 quid
1735 2198 1848 2257 ego
1889 2182 2049 2240 nnnc
2089 2195 2577 2253 commemorem,
2607 2179 2726 2237 De-

1221 2277 1448 2354 miph0,

738 2375 1101 2451 Singulatim,
1120 2375 1308 2451 qualis
1331 2393 1444 2451 ego
1462 2374 1524 2433 in
1540 2374 1699 2441 hunc
1717 2375 1929 2435 fuerim
1942 2375 1971 2434 Ρ
1997 2375 2115 2435 ΒΕ.
2138 2374 2301 2434 Noui
2317 2392 2508 2450 aeque
2527 2374 2730 2434 omnia
2746 2402 2755 2411 ·

738 2473 987 2533 Tecum.
1051 2473 1168 2532 NA.
1192 2473 1414 2532 Merito
1436 2473 1553 2532 hoc
1574 2476 1715 2532 meo
1737 2472 1973 2532 uidetur
1992 2473 2256 2533 factum?
2317 2473 2434 2531 DE.
2457 2471 2727 2531 Minume

1188 2585 1193 2590 ·
1219 2570 1503 2646 gentium.

417 2692 470 2742 ⁴5
737 2668 959 2727 Verum
986 2668 1104 2727 iam
1131 2667 1374 2745 quando
1401 2667 1743 2728 accusando
1772 2668 1900 2728 fleri
1927 2668 2210 2728 infectum
2238 2671 2363 2727 non
2389 2676 2605 2744 potest,

741 2750 993 2842 ignosce
1017 2787 1030 2825 ε
1076 2775 1223 2838 orat,
1256 2766 1590 2840 confitetur,
1622 2768 1868 2842 purgat:
1913 2764 2058 2842 quid
2086 2766 2176 2825 uis
2201 2765 2497 2842 amplius?
2772 2762 2930 2824 1035

596 2864 708 2923 Pa.
746 2862 835 2943 (to
860 2862 1137 2942 himself)
1178 2848 1355 2922 Enim
1386 2880 1530 2921 uero
1558 2862 1719 2939 prius
1747 2881 1927 2939 quam
1966 2863 2114 2922 haec
2156 2862 2262 2922 dat
2300 2862 2566 2937 ueniam,
2584 2862 2729 2921 mihi

1218 2960 1579 3039 prospiciam
1610 2970 1671 3020 et
1699 2960 2042 3021 Phaedriae.

747 3058 998 3138 (ahud)
1064 3060 1236 3119 Heus
1299 3058 1686 3133 Nausistrata,
1745 3059 1904 3136 prius
1964 3077 2144 3136 quam
2203 3059 2342 3118 huic
2401 3055 2729 3136 respondes

1222 3167 1464 3232 temere,
1494 3157 1653 3218 audi.
1740 3158 1858 3217 NA.
1902 3156 2064 3232 Quid
2094 3158 2227 3217 est?

595 3256 706 3312 ΡΗ.
737 3255 868 3331 Ego
896 3254 1084 3314 minas
1113 3256 1348 3333 triginta
1377 3274 1486 3335 per
1516 3255 1806 3316 fallaciam
1835 3256 1913 3317 ab
1941 3256 2078 3315 illoc
2105 3255 2356 3316 abstuli:

418 3375 475 3426 50
741 3354 857 3413 Eas
885 3353 1029 3414 dedi
1056 3363 1159 3413 tuo
1186 3356 1404 3431 gnato:
1451 3354 1500 3414 is
1528 3373 1637 3431 pro
1664 3373 1770 3414 sua
1797 3357 1990 3414 amica
2017 3354 2218 3413 lenoni
2244 3353 2431 3413 dedit.

594 3449 711 3511 Cn.
743 3449 1052 3531 (starting)
1092 3453 1276 3526 Hem,
1312 3451 1458 3529 quid
1502 3453 1629 3512 ais?
1711 3454 1827 3512 NA.
1867 3452 1955 3530 (to
1998 3449 2319 3529 CHREMES)
2350 3449 2603 3512 Adeone
2639 3450 2727 3509 in-
2771 3446 2929 3508 1040

1219 3549 1465 3627 dignum
1493 3549 1611 3609 hoc
1640 3549 1748 3609 tibi
1774 3549 2027 3622 uidetur,
2059 3548 2211 3607 filius
