<?xml version="1.0" encoding="UTF-8"?>
<!DOCTYPE html PUBLIC "-//W3C//DTD XHTML 1.0 Transitional//EN"
    "http://www.w3.org/TR/xhtml1/DTD/xhtml1-transitional.dtd">
<html xmlns="http://www.w3.org/1999/xhtml" xml:lang="en" lang="en">
 <head>
  <title>
</title>
<meta http-equiv="Content-Type" content="text/html;charset=utf-8" />
  <meta name='ocr-system' content='tesseract 3.04.00' />
  <meta name='ocr-capabilities' content='ocr_page ocr_carea ocr_par ocr_line ocrx_word'/>
</head>
<body>
  <div class='ocr_page' id='page_1' title='image "./terencephormioh00teregoog_0029.png"; bbox 0 0 3209 4109; ppageno 0'>
   <div class='ocr_carea' id='block_1_1' title="bbox 392 392 2906 472">
    <p class='ocr_par' dir='ltr' id='par_1_1' title="bbox 392 392 2906 472">
     <span class='ocr_line' id='line_1_1' title="bbox 392 392 2906 472; baseline -0.007 -14"><span class='ocrx_word' id='word_1_1' title='bbox 392 398 624 472; x_wconf 58' lang='lat' dir='ltr'><strong>litua]</strong></span> <span class='ocrx_word' id='word_1_2' title='bbox 1467 392 1833 450; x_wconf 65' lang='lat' dir='ltr'><strong>paoaemo.</strong></span> <span class='ocrx_word' id='word_1_3' title='bbox 2843 398 2906 456; x_wconf 79' lang='lat'><strong>27</strong></span> 
     </span>
    </p>
   </div>
   <div class='ocr_carea' id='block_1_2' title="bbox 392 578 2176 670">
    <p class='ocr_par' dir='ltr' id='par_1_2' title="bbox 392 578 2176 670">
     <span class='ocr_line' id='line_1_2' title="bbox 392 578 2176 670; baseline -0.004 -23"><span class='ocrx_word' id='word_1_4' title='bbox 392 613 445 670; x_wconf 62' lang='lat'><strong>35</strong></span> <span class='ocrx_word' id='word_1_5' title='bbox 570 587 686 646; x_wconf 99' lang='grc' dir='ltr'><strong>(ΞΕ.</strong></span> <span class='ocrx_word' id='word_1_6' title='bbox 716 586 926 661; x_wconf 84' lang='lat' dir='ltr'><strong>Pergin</strong></span> <span class='ocrx_word' id='word_1_7' title='bbox 957 601 1060 643; x_wconf 94' lang='lat' dir='ltr'><strong>ero</strong></span> <span class='ocrx_word' id='word_1_8' title='bbox 1087 581 1319 643; x_wconf 84' lang='lat' dir='ltr'><strong>absenti</strong></span> <span class='ocrx_word' id='word_1_9' title='bbox 1346 581 1500 640; x_wconf 77' lang='lat' dir='ltr'><strong>male</strong></span> <span class='ocrx_word' id='word_1_10' title='bbox 1528 579 1713 656; x_wconf 87' lang='lat' dir='ltr'><strong>loqui,</strong></span> <span class='ocrx_word' id='word_1_11' title='bbox 1741 578 2176 656; x_wconf 86' lang='lat' dir='ltr'><strong>inpurissume?</strong></span> 
     </span>
    </p>
   </div>
   <div class='ocr_carea' id='block_1_3' title="bbox 398 3441 456 3490">
    <p class='ocr_par' dir='ltr' id='par_1_3' title="bbox 398 3441 456 3490">
     <span class='ocr_line' id='line_1_3' title="bbox 398 3441 456 3490; baseline 0.034 -2"><span class='ocrx_word' id='word_1_12' title='bbox 398 3441 456 3490; x_wconf 83' lang='lat'><strong>45</strong></span> 
     </span>
    </p>
   </div>
   <div class='ocr_carea' id='block_1_4' title="bbox 575 676 2748 853">
    <p class='ocr_par' dir='ltr' id='par_1_4' title="bbox 575 676 2748 853">
     <span class='ocr_line' id='line_1_4' title="bbox 575 676 2748 761; baseline -0.001 -17"><span class='ocrx_word' id='word_1_13' title='bbox 575 687 687 745; x_wconf 99' lang='grc' dir='ltr'><strong>ΡΗ.</strong></span> <span class='ocrx_word' id='word_1_14' title='bbox 716 683 980 761; x_wconf 85' lang='lat' dir='ltr'><strong>Dignum</strong></span> <span class='ocrx_word' id='word_1_15' title='bbox 1021 683 1222 739; x_wconf 73' lang='lat' dir='ltr'><strong>autem</strong></span> <span class='ocrx_word' id='word_1_16' title='bbox 1263 679 1381 738; x_wconf 90' lang='lat' dir='ltr'><strong>hoc</strong></span> <span class='ocrx_word' id='word_1_17' title='bbox 1429 678 1603 738; x_wconf 89' lang='lat' dir='ltr'><strong>illost.</strong></span> <span class='ocrx_word' id='word_1_18' title='bbox 1689 678 1804 737; x_wconf 92' lang='grc' dir='ltr'><strong>(ΞΕ.</strong></span> <span class='ocrx_word' id='word_1_19' title='bbox 1856 678 2016 757; x_wconf 86' lang='lat' dir='ltr'><strong>(also</strong></span> <span class='ocrx_word' id='word_1_20' title='bbox 2046 676 2325 754; x_wconf 69' lang='lat' dir='ltr'><strong>fetjgm‘ng</strong></span> <span class='ocrx_word' id='word_1_21' title='bbox 2368 678 2581 758; x_wconf 83' lang='lat' dir='ltr'><strong>anger)</strong></span> <span class='ocrx_word' id='word_1_22' title='bbox 2631 684 2748 741; x_wconf 91' lang='lat' dir='ltr'><strong>Ain</strong></span> 
     </span>
     <span class='ocr_line' id='line_1_5' title="bbox 1194 774 2512 853; baseline 0 -17"><span class='ocrx_word' id='word_1_23' title='bbox 1194 786 1408 849; x_wconf 82' lang='lat' dir='ltr'><strong>tamen,</strong></span> <span class='ocrx_word' id='word_1_24' title='bbox 1437 776 1681 834; x_wconf 80' lang='lat' dir='ltr'><strong>carcer?</strong></span> <span class='ocrx_word' id='word_1_25' title='bbox 1761 775 1876 834; x_wconf 89' lang='grc' dir='ltr'><strong>ΒΕ.</strong></span> <span class='ocrx_word' id='word_1_26' title='bbox 1915 774 2091 853; x_wconf 65' lang='lat' dir='ltr'><strong>(calle</strong></span> <span class='ocrx_word' id='word_1_27' title='bbox 2121 775 2278 852; x_wconf 78' lang='lat' dir='ltr'><strong>him)</strong></span> <span class='ocrx_word' id='word_1_28' title='bbox 2319 775 2512 836; x_wconf 86' lang='lat' dir='ltr'><strong>Geta!</strong></span> 
     </span>
    </p>
   </div>
   <div class='ocr_carea' id='block_1_5' title="bbox 570 872 2745 960">
    <p class='ocr_par' dir='ltr' id='par_1_5' title="bbox 570 872 2745 960">
     <span class='ocr_line' id='line_1_6' title="bbox 570 872 2745 960; baseline -0.002 -18"><span class='ocrx_word' id='word_1_29' title='bbox 570 883 685 942; x_wconf 89' lang='grc' dir='ltr'><strong>(ΞΕ.</strong></span> <span class='ocrx_word' id='word_1_30' title='bbox 721 879 811 960; x_wconf 69' lang='lat' dir='ltr'><strong>(m</strong></span> <span class='ocrx_word' id='word_1_31' title='bbox 867 881 1169 951; x_wconf 78' lang='lat' dir='ltr'>PHORMIO,</span> <span class='ocrx_word' id='word_1_32' title='bbox 1204 874 1562 953; x_wconf 84' lang='lat' dir='ltr'><strong>pretending</strong></span> <span class='ocrx_word' id='word_1_33' title='bbox 1606 880 1716 931; x_wconf 82' lang='lat' dir='ltr'><strong>not</strong></span> <span class='ocrx_word' id='word_1_34' title='bbox 1763 880 1821 931; x_wconf 86' lang='lat' dir='ltr'><strong>to</strong></span> <span class='ocrx_word' id='word_1_35' title='bbox 1869 872 2047 950; x_wconf 79' lang='lat' dir='ltr'><strong>hear)</strong></span> <span class='ocrx_word' id='word_1_36' title='bbox 2111 873 2412 932; x_wconf 81' lang='lat' dir='ltr'><strong>Bonorum</strong></span> <span class='ocrx_word' id='word_1_37' title='bbox 2463 886 2745 952; x_wconf 86' lang='lat' dir='ltr'>extortor,</span> 
     </span>
    </p>
   </div>
   <div class='ocr_carea' id='block_1_6' title="bbox 575 971 2911 3785">
    <p class='ocr_par' dir='ltr' id='par_1_6' title="bbox 575 971 2911 3785">
     <span class='ocr_line' id='line_1_7' title="bbox 1197 971 2688 1052; baseline 0.001 -18"><span class='ocrx_word' id='word_1_38' title='bbox 1197 976 1395 1052; x_wconf 89' lang='lat' dir='ltr'><strong>legum</strong></span> <span class='ocrx_word' id='word_1_39' title='bbox 1422 974 1765 1033; x_wconf 84' lang='lat' dir='ltr'><strong>contortor!</strong></span> <span class='ocrx_word' id='word_1_40' title='bbox 1852 973 1967 1030; x_wconf 83' lang='lat' dir='ltr'><strong>DE.</strong></span> <span class='ocrx_word' id='word_1_41' title='bbox 2008 971 2203 1051; x_wconf 86' lang='lat' dir='ltr'><strong>(more</strong></span> <span class='ocrx_word' id='word_1_42' title='bbox 2230 974 2456 1052; x_wconf 61' lang='lat' dir='ltr'><strong>loudly)</strong></span> <span class='ocrx_word' id='word_1_43' title='bbox 2495 977 2688 1036; x_wconf 82' lang='lat' dir='ltr'><strong>Geta!</strong></span> 
     </span>
     <span class='ocr_line' id='line_1_8' title="bbox 576 1068 2908 1156; baseline -0.001 -21"><span class='ocrx_word' id='word_1_44' title='bbox 576 1078 687 1137; x_wconf 88' lang='grc' dir='ltr'><strong>ΡΗ.</strong></span> <span class='ocrx_word' id='word_1_45' title='bbox 725 1074 821 1156; x_wconf 80' lang='lat' dir='ltr'><strong>(in</strong></span> <span class='ocrx_word' id='word_1_46' title='bbox 849 1094 890 1134; x_wconf 85' lang='lat' dir='ltr'><strong>a</strong></span> <span class='ocrx_word' id='word_1_47' title='bbox 917 1075 1178 1151; x_wconf 61' lang='lat' dir='ltr'><strong>wiltis-per</strong></span> <span class='ocrx_word' id='word_1_48' title='bbox 1212 1081 1268 1132; x_wconf 86' lang='lat' dir='ltr'><strong>to</strong></span> <span class='ocrx_word' id='word_1_49' title='bbox 1309 1071 1512 1148; x_wconf 72' lang='grc' dir='ltr'><strong>(ΞΕΤΑ)</strong></span> <span class='ocrx_word' id='word_1_50' title='bbox 1553 1068 1900 1146; x_wconf 83' lang='lat' dir='ltr'><strong>Responde.</strong></span> <span class='ocrx_word' id='word_1_51' title='bbox 1985 1072 2101 1130; x_wconf 88' lang='grc' dir='ltr'><strong>(ΞΕ.</strong></span> <span class='ocrx_word' id='word_1_52' title='bbox 2142 1073 2424 1151; x_wconf 83' lang='lat' dir='ltr'><em>(turning</em></span> <span class='ocrx_word' id='word_1_53' title='bbox 2458 1074 2738 1151; x_wconf 83' lang='lat' dir='ltr'><strong>around)</strong></span> <span class='ocrx_word' id='word_1_54' title='bbox 2788 1072 2908 1133; x_wconf 88' lang='grc'><strong>375</strong></span> 
     </span>
     <span class='ocr_line' id='line_1_9' title="bbox 1199 1168 2746 1249; baseline 0.001 -20"><span class='ocrx_word' id='word_1_55' title='bbox 1199 1171 1348 1247; x_wconf 91' lang='lat' dir='ltr'><strong>Quis</strong></span> <span class='ocrx_word' id='word_1_56' title='bbox 1394 1171 1674 1230; x_wconf 82' lang='lat' dir='ltr'><strong>homost?</strong></span> <span class='ocrx_word' id='word_1_57' title='bbox 1728 1169 1923 1229; x_wconf 91' lang='lat' dir='ltr'><strong>ehem.</strong></span> <span class='ocrx_word' id='word_1_58' title='bbox 2011 1171 2127 1229; x_wconf 92' lang='grc' dir='ltr'><strong>ΒΕ.</strong></span> <span class='ocrx_word' id='word_1_59' title='bbox 2180 1171 2270 1249; x_wconf 86' lang='lat' dir='ltr'><strong>(to</strong></span> <span class='ocrx_word' id='word_1_60' title='bbox 2311 1168 2515 1247; x_wconf 79' lang='grc' dir='ltr'><strong>(ΞΕΤΑ)</strong></span> <span class='ocrx_word' id='word_1_61' title='bbox 2563 1173 2746 1230; x_wconf 85' lang='lat' dir='ltr'><strong>Tace.</strong></span> 
     </span>
     <span class='ocr_line' id='line_1_10' title="bbox 1200 1266 2216 1344; baseline -0.002 -16"><span class='ocrx_word' id='word_1_62' title='bbox 1200 1269 1314 1328; x_wconf 82' lang='lat' dir='ltr'><strong>GE.</strong></span> <span class='ocrx_word' id='word_1_63' title='bbox 1353 1268 1442 1343; x_wconf 86' lang='lat' dir='ltr'><strong>(to</strong></span> <span class='ocrx_word' id='word_1_64' title='bbox 1471 1266 1792 1344; x_wconf 81' lang='grc' dir='ltr'><strong>ΒΕΜῐΡΗο)</strong></span> <span class='ocrx_word' id='word_1_65' title='bbox 1834 1269 2081 1327; x_wconf 85' lang='lat' dir='ltr'><strong>Absenti</strong></span> <span class='ocrx_word' id='word_1_66' title='bbox 2109 1268 2216 1328; x_wconf 86' lang='lat' dir='ltr'><strong>tibi</strong></span> 
     </span>
     <span class='ocr_line' id='line_1_11' title="bbox 711 1366 1966 1445; baseline -0.004 -17"><span class='ocrx_word' id='word_1_67' title='bbox 711 1369 804 1430; x_wconf 90' lang='lat' dir='ltr'><strong>Te</strong></span> <span class='ocrx_word' id='word_1_68' title='bbox 832 1369 1104 1445; x_wconf 85' lang='lat' dir='ltr'><strong>indignas</strong></span> <span class='ocrx_word' id='word_1_69' title='bbox 1131 1385 1313 1443; x_wconf 91' lang='lat' dir='ltr'><strong>seque</strong></span> <span class='ocrx_word' id='word_1_70' title='bbox 1342 1366 1548 1442; x_wconf 84' lang='lat' dir='ltr'><strong>dignas</strong></span> <span class='ocrx_word' id='word_1_71' title='bbox 1576 1366 1966 1425; x_wconf 77' lang='lat' dir='ltr'><strong>contumelias</strong></span> 
     </span>
     <span class='ocr_line' id='line_1_12' title="bbox 717 1462 2645 1542; baseline -0.002 -16"><span class='ocrx_word' id='word_1_72' title='bbox 717 1468 1060 1541; x_wconf 75' lang='lat' dir='ltr'><strong>Numquam</strong></span> <span class='ocrx_word' id='word_1_73' title='bbox 1088 1465 1340 1524; x_wconf 88' lang='lat' dir='ltr'><strong>cessauit</strong></span> <span class='ocrx_word' id='word_1_74' title='bbox 1368 1465 1566 1524; x_wconf 81' lang='lat' dir='ltr'><strong>dicere</strong></span> <span class='ocrx_word' id='word_1_75' title='bbox 1599 1465 1799 1523; x_wconf 92' lang='lat' dir='ltr'><strong>hodie.</strong></span> <span class='ocrx_word' id='word_1_76' title='bbox 1886 1467 2002 1523; x_wconf 89' lang='grc' dir='ltr'><strong>ΒΕ.</strong></span> <span class='ocrx_word' id='word_1_77' title='bbox 2044 1464 2133 1542; x_wconf 87' lang='lat' dir='ltr'><strong>(to</strong></span> <span class='ocrx_word' id='word_1_78' title='bbox 2161 1462 2363 1540; x_wconf 84' lang='grc' dir='ltr'><strong>(ΞΕΤΑ)</strong></span> <span class='ocrx_word' id='word_1_79' title='bbox 2403 1463 2645 1523; x_wconf 88' lang='lat' dir='ltr'><strong>Desine.</strong></span> 
     </span>
     <span class='ocr_line' id='line_1_13' title="bbox 721 1560 2745 1645; baseline -0.002 -21"><span class='ocrx_word' id='word_1_80' title='bbox 721 1564 808 1645; x_wconf 85' lang='lat' dir='ltr'><strong>(to</strong></span> <span class='ocrx_word' id='word_1_81' title='bbox 829 1561 1141 1641; x_wconf 69' lang='lat' dir='ltr'><strong>Pnolusso)</strong></span> <span class='ocrx_word' id='word_1_82' title='bbox 1164 1560 1549 1635; x_wconf 72' lang='lat' dir='ltr'><strong>Adulescens,</strong></span> <span class='ocrx_word' id='word_1_83' title='bbox 1575 1563 1830 1638; x_wconf 92' lang='lat' dir='ltr'><strong>primum</strong></span> <span class='ocrx_word' id='word_1_84' title='bbox 1857 1562 2043 1621; x_wconf 88' lang='lat' dir='ltr'><strong>abste</strong></span> <span class='ocrx_word' id='word_1_85' title='bbox 2066 1561 2181 1622; x_wconf 84' lang='lat' dir='ltr'><strong>hoc</strong></span> <span class='ocrx_word' id='word_1_86' title='bbox 2202 1562 2362 1621; x_wconf 88' lang='lat' dir='ltr'><strong>bona</strong></span> <span class='ocrx_word' id='word_1_87' title='bbox 2383 1563 2557 1620; x_wconf 74' lang='lat' dir='ltr'><strong>uenia</strong></span> <span class='ocrx_word' id='word_1_88' title='bbox 2583 1570 2745 1638; x_wconf 87' lang='lat' dir='ltr'><strong>pet0‚</strong></span> 
     </span>
     <span class='ocr_line' id='line_1_14' title="bbox 716 1659 2127 1737; baseline -0.003 -15"><span class='ocrx_word' id='word_1_89' title='bbox 716 1662 778 1723; x_wconf 91' lang='lat' dir='ltr'><strong>Si</strong></span> <span class='ocrx_word' id='word_1_90' title='bbox 804 1662 910 1721; x_wconf 85' lang='lat' dir='ltr'><strong>tibi</strong></span> <span class='ocrx_word' id='word_1_91' title='bbox 937 1662 1173 1737; x_wconf 89' lang='lat' dir='ltr'><strong>placere</strong></span> <span class='ocrx_word' id='word_1_92' title='bbox 1202 1660 1358 1737; x_wconf 83' lang='lat' dir='ltr'><strong>potis</strong></span> <span class='ocrx_word' id='word_1_93' title='bbox 1387 1669 1494 1733; x_wconf 87' lang='lat' dir='ltr'><strong>est,</strong></span> <span class='ocrx_word' id='word_1_94' title='bbox 1525 1661 1608 1719; x_wconf 90' lang='lat' dir='ltr'><strong>mi</strong></span> <span class='ocrx_word' id='word_1_95' title='bbox 1637 1669 1702 1718; x_wconf 91' lang='lat' dir='ltr'><strong>ut</strong></span> <span class='ocrx_word' id='word_1_96' title='bbox 1730 1659 2127 1736; x_wconf 83' lang='lat' dir='ltr'><strong>respondeas:</strong></span> 
     </span>
     <span class='ocr_line' id='line_1_15' title="bbox 719 1754 2907 1835; baseline -0.002 -16"><span class='ocrx_word' id='word_1_97' title='bbox 719 1760 916 1835; x_wconf 85' lang='lat' dir='ltr'><strong>Quem</strong></span> <span class='ocrx_word' id='word_1_98' title='bbox 945 1762 1203 1818; x_wconf 88' lang='lat' dir='ltr'><strong>amicum</strong></span> <span class='ocrx_word' id='word_1_99' title='bbox 1231 1768 1397 1818; x_wconf 91' lang='lat' dir='ltr'><strong>tuom</strong></span> <span class='ocrx_word' id='word_1_100' title='bbox 1425 1762 1510 1817; x_wconf 84' lang='lat' dir='ltr'><strong>ais</strong></span> <span class='ocrx_word' id='word_1_101' title='bbox 1539 1759 1715 1817; x_wconf 82' lang='lat' dir='ltr'><strong>fuisse</strong></span> <span class='ocrx_word' id='word_1_102' title='bbox 1747 1758 1942 1831; x_wconf 87' lang='lat' dir='ltr'><strong>istum,</strong></span> <span class='ocrx_word' id='word_1_103' title='bbox 1973 1757 2224 1833; x_wconf 73' lang='lat' dir='ltr'><strong>explana</strong></span> <span class='ocrx_word' id='word_1_104' title='bbox 2252 1757 2416 1829; x_wconf 88' lang='lat' dir='ltr'><strong>mihi,</strong></span> <span class='ocrx_word' id='word_1_105' title='bbox 2788 1754 2907 1815; x_wconf 88' lang='lat'><strong>380</strong></span> 
     </span>
     <span class='ocr_line' id='line_1_16' title="bbox 721 1856 1972 1933; baseline -0.002 -16"><span class='ocrx_word' id='word_1_106' title='bbox 721 1859 801 1917; x_wconf 94' lang='lat' dir='ltr'><strong>Et</strong></span> <span class='ocrx_word' id='word_1_107' title='bbox 826 1861 929 1933; x_wconf 88' lang='lat' dir='ltr'><strong>qui</strong></span> <span class='ocrx_word' id='word_1_108' title='bbox 956 1866 1273 1933; x_wconf 87' lang='lat' dir='ltr'><strong>cognatum</strong></span> <span class='ocrx_word' id='word_1_109' title='bbox 1301 1857 1399 1915; x_wconf 82' lang='lat' dir='ltr'><strong>me</strong></span> <span class='ocrx_word' id='word_1_110' title='bbox 1429 1856 1540 1916; x_wconf 90' lang='lat' dir='ltr'><strong>sibi</strong></span> <span class='ocrx_word' id='word_1_111' title='bbox 1567 1874 1697 1915; x_wconf 90' lang='lat' dir='ltr'><strong>esse</strong></span> <span class='ocrx_word' id='word_1_112' title='bbox 1726 1856 1972 1916; x_wconf 89' lang='lat' dir='ltr'><strong>diceret.</strong></span> 
     </span>
     <span class='ocr_line' id='line_1_17' title="bbox 582 1952 2746 2030; baseline -0.001 -17"><span class='ocrx_word' id='word_1_113' title='bbox 582 1956 692 2015; x_wconf 89' lang='grc' dir='ltr'><strong>ΡΗ.</strong></span> <span class='ocrx_word' id='word_1_114' title='bbox 723 1955 978 2015; x_wconf 88' lang='lat' dir='ltr'><strong>Proinde</strong></span> <span class='ocrx_word' id='word_1_115' title='bbox 1028 1953 1331 2030; x_wconf 86' lang='lat' dir='ltr'><strong>expiscare</strong></span> <span class='ocrx_word' id='word_1_116' title='bbox 1388 1954 1555 2030; x_wconf 75' lang='lat' dir='ltr'><strong>quasi</strong></span> <span class='ocrx_word' id='word_1_117' title='bbox 1603 1972 1726 2012; x_wconf 90' lang='lat' dir='ltr'><strong>non</strong></span> <span class='ocrx_word' id='word_1_118' title='bbox 1776 1972 1999 2013; x_wconf 81' lang='lat' dir='ltr'><strong>nosseS.</strong></span> <span class='ocrx_word' id='word_1_119' title='bbox 2084 1954 2200 2012; x_wconf 83' lang='lat' dir='ltr'><strong>DE.</strong></span> <span class='ocrx_word' id='word_1_120' title='bbox 2254 1952 2555 2012; x_wconf 80' lang='lat' dir='ltr'><strong>Nossem?</strong></span> <span class='ocrx_word' id='word_1_121' title='bbox 2635 1954 2746 2010; x_wconf 91' lang='grc' dir='ltr'><strong>ΡΗ.</strong></span> 
     </span>
     <span class='ocr_line' id='line_1_18' title="bbox 1210 2051 1797 2128; baseline 0 -18"><span class='ocrx_word' id='word_1_122' title='bbox 1210 2052 1386 2127; x_wconf 75' lang='lat' dir='ltr'><strong>(with</strong></span> <span class='ocrx_word' id='word_1_123' title='bbox 1414 2071 1454 2109; x_wconf 87' lang='lat' dir='ltr'><strong>a</strong></span> <span class='ocrx_word' id='word_1_124' title='bbox 1486 2053 1612 2110; x_wconf 83' lang='lat' dir='ltr'><strong>nod</strong></span> <span class='ocrx_word' id='word_1_125' title='bbox 1620 2051 1646 2128; x_wconf 94' lang='lat'>)</span> <span class='ocrx_word' id='word_1_126' title='bbox 1687 2053 1797 2110; x_wconf 87' lang='lat' dir='ltr'><strong>Ita.</strong></span> 
     </span>
     <span class='ocr_line' id='line_1_19' title="bbox 576 2147 2274 2226; baseline -0.002 -17"><span class='ocrx_word' id='word_1_127' title='bbox 576 2152 693 2209; x_wconf 86' lang='grc' dir='ltr'><strong>ΒΕ.</strong></span> <span class='ocrx_word' id='word_1_128' title='bbox 724 2151 855 2226; x_wconf 90' lang='lat' dir='ltr'><strong>Ego</strong></span> <span class='ocrx_word' id='word_1_129' title='bbox 884 2152 979 2208; x_wconf 83' lang='lat' dir='ltr'><strong>me</strong></span> <span class='ocrx_word' id='word_1_130' title='bbox 1008 2167 1162 2225; x_wconf 88' lang='lat' dir='ltr'><strong>nego</strong></span> <span class='ocrx_word' id='word_1_131' title='bbox 1186 2170 1199 2207; x_wconf 74' lang='grc' dir='ltr'>ε</span> <span class='ocrx_word' id='word_1_132' title='bbox 1245 2158 1309 2207; x_wconf 89' lang='lat' dir='ltr'><strong>tu</strong></span> <span class='ocrx_word' id='word_1_133' title='bbox 1337 2152 1437 2224; x_wconf 91' lang='lat' dir='ltr'><strong>qui</strong></span> <span class='ocrx_word' id='word_1_134' title='bbox 1466 2152 1550 2207; x_wconf 86' lang='lat' dir='ltr'><strong>a‘is</strong></span> <span class='ocrx_word' id='word_1_135' title='bbox 1580 2148 1783 2224; x_wconf 88' lang='lat' dir='ltr'><strong>redige</strong></span> <span class='ocrx_word' id='word_1_136' title='bbox 1815 2148 1875 2205; x_wconf 90' lang='lat' dir='ltr'><strong>in</strong></span> <span class='ocrx_word' id='word_1_137' title='bbox 1904 2147 2274 2206; x_wconf 78' lang='lat' dir='ltr'><strong>memoriam.</strong></span> 
     </span>
     <span class='ocr_line' id='line_1_20' title="bbox 580 2229 2697 2323; baseline -0.002 -16"><span class='ocrx_word' id='word_1_138' title='bbox 580 2250 688 2307; x_wconf 94' lang='grc' dir='ltr'><strong>ΡΗ.</strong></span> <span class='ocrx_word' id='word_1_139' title='bbox 720 2248 855 2306; x_wconf 90' lang='lat' dir='ltr'><strong>Eho</strong></span> <span class='ocrx_word' id='word_1_140' title='bbox 883 2250 967 2319; x_wconf 75' lang='lat' dir='ltr'><strong>tu,</strong></span> <span class='ocrx_word' id='word_1_141' title='bbox 997 2246 1297 2306; x_wconf 86' lang='lat' dir='ltr'><strong>sobrinum</strong></span> <span class='ocrx_word' id='word_1_142' title='bbox 1329 2250 1494 2305; x_wconf 84' lang='lat' dir='ltr'><strong>tuom</strong></span> <span class='ocrx_word' id='word_1_143' title='bbox 1523 2265 1645 2304; x_wconf 90' lang='lat' dir='ltr'><strong>non</strong></span> <span class='ocrx_word' id='word_1_144' title='bbox 1677 2247 1892 2304; x_wconf 85' lang='lat' dir='ltr'><strong>noras?</strong></span> <span class='ocrx_word' id='word_1_145' title='bbox 1973 2247 2088 2304; x_wconf 82' lang='lat' dir='ltr'><strong>DE.</strong></span> <span class='ocrx_word' id='word_1_146' title='bbox 2129 2242 2422 2323; x_wconf 77' lang='lat' dir='ltr'><strong>(angn‘ly)</strong></span> <span class='ocrx_word' id='word_1_147' title='bbox 2461 2229 2697 2303; x_wconf 77' lang='lat' dir='ltr'><strong>Enicas,</strong></span> 
     </span>
     <span class='ocr_line' id='line_1_21' title="bbox 720 2339 2910 2421; baseline -0.002 -18"><span class='ocrx_word' id='word_1_148' title='bbox 720 2345 835 2403; x_wconf 92' lang='lat' dir='ltr'><strong>Dic</strong></span> <span class='ocrx_word' id='word_1_149' title='bbox 864 2348 1100 2402; x_wconf 85' lang='lat' dir='ltr'><strong>nomen.</strong></span> <span class='ocrx_word' id='word_1_150' title='bbox 1189 2345 1298 2401; x_wconf 87' lang='grc' dir='ltr'><strong>ΡΗ.</strong></span> <span class='ocrx_word' id='word_1_151' title='bbox 1338 2344 1710 2421; x_wconf 79' lang='lat' dir='ltr'><strong>(hesitating)</strong></span> <span class='ocrx_word' id='word_1_152' title='bbox 1752 2344 2036 2402; x_wconf 85' lang='lat' dir='ltr'><strong>Nomen?</strong></span> <span class='ocrx_word' id='word_1_153' title='bbox 2062 2345 2354 2401; x_wconf 70' lang='lat' dir='ltr'><strong>maxume.</strong></span> <span class='ocrx_word' id='word_1_154' title='bbox 2439 2344 2555 2400; x_wconf 92' lang='grc' dir='ltr'><strong>ΒΕ.</strong></span> <span class='ocrx_word' id='word_1_155' title='bbox 2587 2341 2750 2416; x_wconf 89' lang='lat' dir='ltr'><strong>Quid</strong></span> <span class='ocrx_word' id='word_1_156' title='bbox 2789 2339 2910 2400; x_wconf 87' lang='lat'><strong>385</strong></span> 
     </span>
     <span class='ocr_line' id='line_1_22' title="bbox 1200 2442 1594 2499; baseline 0.005 -2"><span class='ocrx_word' id='word_1_157' title='bbox 1200 2444 1358 2499; x_wconf 87' lang='lat' dir='ltr'><strong>m&#39;mc</strong></span> <span class='ocrx_word' id='word_1_158' title='bbox 1388 2442 1594 2499; x_wconf 85' lang='lat' dir='ltr'><strong>taces?</strong></span> 
     </span>
     <span class='ocr_line' id='line_1_23' title="bbox 581 2536 2745 2618; baseline -0.002 -20"><span class='ocrx_word' id='word_1_159' title='bbox 581 2541 688 2598; x_wconf 97' lang='grc' dir='ltr'><strong>ΡΗ.</strong></span> <span class='ocrx_word' id='word_1_160' title='bbox 728 2537 926 2618; x_wconf 81' lang='lat' dir='ltr'><strong>(aside</strong></span> <span class='ocrx_word' id='word_1_161' title='bbox 967 2546 1024 2597; x_wconf 84' lang='lat' dir='ltr'><strong>to</strong></span> <span class='ocrx_word' id='word_1_162' title='bbox 1064 2539 1268 2612; x_wconf 76' lang='grc' dir='ltr'><strong>(ΞΕΓΑ)</strong></span> <span class='ocrx_word' id='word_1_163' title='bbox 1311 2539 1464 2596; x_wconf 91' lang='lat' dir='ltr'><strong>Perii</strong></span> <span class='ocrx_word' id='word_1_164' title='bbox 1506 2538 1726 2612; x_wconf 88' lang='lat' dir='ltr'><strong>hercle,</strong></span> <span class='ocrx_word' id='word_1_165' title='bbox 1767 2557 1988 2597; x_wconf 90' lang='lat' dir='ltr'><strong>nomen</strong></span> <span class='ocrx_word' id='word_1_166' title='bbox 2030 2537 2285 2613; x_wconf 90' lang='lat' dir='ltr'><strong>perdidi.</strong></span> <span class='ocrx_word' id='word_1_167' title='bbox 2370 2538 2485 2595; x_wconf 87' lang='grc' dir='ltr'><strong>ΒΕ.</strong></span> <span class='ocrx_word' id='word_1_168' title='bbox 2527 2536 2745 2613; x_wconf 82' lang='lat' dir='ltr'><strong>(impa-</strong></span> 
     </span>
     <span class='ocr_line' id='line_1_24' title="bbox 1204 2628 2731 2715; baseline -0.001 -22"><span class='ocrx_word' id='word_1_169' title='bbox 1204 2636 1428 2713; x_wconf 84' lang='lat' dir='ltr'><strong>tiently)</strong></span> <span class='ocrx_word' id='word_1_170' title='bbox 1473 2635 1707 2715; x_wconf 91' lang='lat' dir='ltr'><strong>[Hem]</strong></span> <span class='ocrx_word' id='word_1_171' title='bbox 1745 2635 1907 2710; x_wconf 88' lang='lat' dir='ltr'><strong>Quid</strong></span> <span class='ocrx_word' id='word_1_172' title='bbox 1936 2628 2062 2695; x_wconf 75' lang='lat' dir='ltr'><strong>ais?</strong></span> <span class='ocrx_word' id='word_1_173' title='bbox 2145 2637 2253 2693; x_wconf 89' lang='grc' dir='ltr'><strong>ΡΗ.</strong></span> <span class='ocrx_word' id='word_1_174' title='bbox 2295 2633 2520 2711; x_wconf 82' lang='lat' dir='ltr'><strong>(aside)</strong></span> <span class='ocrx_word' id='word_1_175' title='bbox 2558 2636 2731 2707; x_wconf 86' lang='lat' dir='ltr'><strong>Geta,</strong></span> 
     </span>
     <span class='ocr_line' id='line_1_25' title="bbox 720 2719 2749 2810; baseline -0.001 -18"><span class='ocrx_word' id='word_1_176' title='bbox 720 2734 781 2793; x_wconf 90' lang='lat' dir='ltr'><strong>Si</strong></span> <span class='ocrx_word' id='word_1_177' title='bbox 808 2732 1127 2792; x_wconf 87' lang='lat' dir='ltr'><strong>meministi</strong></span> <span class='ocrx_word' id='word_1_178' title='bbox 1154 2732 1218 2792; x_wconf 93' lang='lat' dir='ltr'><strong>id</strong></span> <span class='ocrx_word' id='word_1_179' title='bbox 1246 2719 1419 2808; x_wconf 56' lang='lat' dir='ltr'><strong>quod⁴</strong></span> <span class='ocrx_word' id='word_1_180' title='bbox 1441 2734 1580 2792; x_wconf 83' lang='lat' dir='ltr'><strong>olim</strong></span> <span class='ocrx_word' id='word_1_181' title='bbox 1626 2733 1927 2805; x_wconf 88' lang='lat' dir='ltr'><strong>dictumst,</strong></span> <span class='ocrx_word' id='word_1_182' title='bbox 1958 2733 2181 2792; x_wconf 72' lang='lat' dir='ltr'><strong>subice.</strong></span> <span class='ocrx_word' id='word_1_183' title='bbox 2275 2733 2494 2810; x_wconf 86' lang='lat' dir='ltr'><strong>(aloud</strong></span> <span class='ocrx_word' id='word_1_184' title='bbox 2528 2739 2584 2790; x_wconf 86' lang='lat' dir='ltr'><strong>to</strong></span> <span class='ocrx_word' id='word_1_185' title='bbox 2627 2733 2749 2790; x_wconf 91' lang='grc' dir='ltr'><strong>ΒΕ-</strong></span> 
     </span>
     <span class='ocr_line' id='line_1_26' title="bbox 1204 2829 1624 2907; baseline 0 -19"><span class='ocrx_word' id='word_1_186' title='bbox 1204 2829 1426 2907; x_wconf 79' lang='grc' dir='ltr'><strong>ΜΙΡΗΟ)</strong></span> <span class='ocrx_word' id='word_1_187' title='bbox 1464 2831 1624 2904; x_wconf 88' lang='lat' dir='ltr'><strong>hem,</strong></span> 
     </span>
     <span class='ocr_line' id='line_1_27' title="bbox 721 2927 2360 3005; baseline -0.001 -17"><span class='ocrx_word' id='word_1_188' title='bbox 721 2930 861 2988; x_wconf 88' lang='lat' dir='ltr'><strong>Non</strong></span> <span class='ocrx_word' id='word_1_189' title='bbox 890 2929 1065 2988; x_wconf 88' lang='lat' dir='ltr'><strong>dico:</strong></span> <span class='ocrx_word' id='word_1_190' title='bbox 1110 2928 1277 3003; x_wconf 86' lang='lat' dir='ltr'><strong>quasi</strong></span> <span class='ocrx_word' id='word_1_191' title='bbox 1305 2946 1425 2987; x_wconf 90' lang='lat' dir='ltr'><strong>non</strong></span> <span class='ocrx_word' id='word_1_192' title='bbox 1454 2932 1679 3001; x_wconf 74' lang='lat' dir='ltr'><strong>nesseS,</strong></span> <span class='ocrx_word' id='word_1_193' title='bbox 1711 2938 2064 3005; x_wconf 90' lang='lat' dir='ltr'><strong>temptatum</strong></span> <span class='ocrx_word' id='word_1_194' title='bbox 2097 2927 2360 2987; x_wconf 71' lang='lat' dir='ltr'><strong>aduenis,</strong></span> 
     </span>
     <span class='ocr_line' id='line_1_28' title="bbox 577 3025 2748 3105; baseline -0.001 -20"><span class='ocrx_word' id='word_1_195' title='bbox 577 3028 694 3085; x_wconf 85' lang='grc' dir='ltr'><strong>ΒΕ.</strong></span> <span class='ocrx_word' id='word_1_196' title='bbox 725 3027 855 3102; x_wconf 88' lang='lat' dir='ltr'><strong>Ego</strong></span> <span class='ocrx_word' id='word_1_197' title='bbox 883 3029 1083 3084; x_wconf 77' lang='lat' dir='ltr'><strong>autem</strong></span> <span class='ocrx_word' id='word_1_198' title='bbox 1122 3027 1395 3100; x_wconf 85' lang='lat' dir='ltr'><strong>tempto?</strong></span> <span class='ocrx_word' id='word_1_199' title='bbox 1463 3028 1574 3085; x_wconf 84' lang='grc' dir='ltr'><strong>(ΞΕ.</strong></span> <span class='ocrx_word' id='word_1_200' title='bbox 1610 3027 1910 3103; x_wconf 81' lang='lat' dir='ltr'><strong>(prompts</strong></span> <span class='ocrx_word' id='word_1_201' title='bbox 1951 3025 2108 3102; x_wconf 80' lang='lat' dir='ltr'><strong>him)</strong></span> <span class='ocrx_word' id='word_1_202' title='bbox 2146 3027 2345 3102; x_wconf 78' lang='lat' dir='ltr'><strong>Stilpo,</strong></span> <span class='ocrx_word' id='word_1_203' title='bbox 2431 3027 2542 3084; x_wconf 88' lang='grc' dir='ltr'><strong>ΡΗ.</strong></span> <span class='ocrx_word' id='word_1_204' title='bbox 2575 3025 2748 3105; x_wconf 77' lang='lat' dir='ltr'><strong>(with</strong></span> 
     </span>
     <span class='ocr_line' id='line_1_29' title="bbox 1231 3122 2751 3201; baseline 0 -20"><span class='ocrx_word' id='word_1_205' title='bbox 1231 3143 1315 3181; x_wconf 87' lang='lat' dir='ltr'><strong>an</strong></span> <span class='ocrx_word' id='word_1_206' title='bbox 1344 3125 1449 3182; x_wconf 81' lang='lat' dir='ltr'><strong>air</strong></span> <span class='ocrx_word' id='word_1_207' title='bbox 1472 3124 1547 3197; x_wconf 86' lang='lat' dir='ltr'><strong>of</strong></span> <span class='ocrx_word' id='word_1_208' title='bbox 1565 3126 1966 3201; x_wconf 79' lang='lat' dir='ltr'><strong>indtfference)</strong></span> <span class='ocrx_word' id='word_1_209' title='bbox 1997 3127 2193 3199; x_wconf 91' lang='lat' dir='ltr'><strong>Atque</strong></span> <span class='ocrx_word' id='word_1_210' title='bbox 2222 3123 2377 3181; x_wconf 90' lang='lat' dir='ltr'><strong>adeo</strong></span> <span class='ocrx_word' id='word_1_211' title='bbox 2403 3122 2548 3198; x_wconf 92' lang='lat' dir='ltr'><strong>quid</strong></span> <span class='ocrx_word' id='word_1_212' title='bbox 2577 3124 2751 3181; x_wconf 85' lang='lat' dir='ltr'><strong>mea?</strong></span> 
     </span>
     <span class='ocr_line' id='line_1_30' title="bbox 722 3218 2911 3298; baseline -0.001 -17"><span class='ocrx_word' id='word_1_213' title='bbox 722 3221 976 3298; x_wconf 64' lang='lat' dir='ltr'><strong>Stilpost.</strong></span> <span class='ocrx_word' id='word_1_214' title='bbox 1060 3222 1176 3280; x_wconf 87' lang='grc' dir='ltr'><strong>ΒΕ.</strong></span> <span class='ocrx_word' id='word_1_215' title='bbox 1219 3222 1418 3295; x_wconf 92' lang='lat' dir='ltr'><strong>Quem</strong></span> <span class='ocrx_word' id='word_1_216' title='bbox 1448 3221 1639 3281; x_wconf 86' lang='lat' dir='ltr'><strong>dixti?</strong></span> <span class='ocrx_word' id='word_1_217' title='bbox 1721 3225 1826 3280; x_wconf 87' lang='grc' dir='ltr'><strong>ΡΗ.</strong></span> <span class='ocrx_word' id='word_1_218' title='bbox 1873 3223 2194 3298; x_wconf 84' lang='lat' dir='ltr'><strong>Stilponem</strong></span> <span class='ocrx_word' id='word_1_219' title='bbox 2221 3223 2458 3297; x_wconf 89' lang='lat' dir='ltr'><strong>inquam</strong></span> <span class='ocrx_word' id='word_1_220' title='bbox 2481 3226 2750 3281; x_wconf 84' lang='lat' dir='ltr'><strong>noueras.</strong></span> <span class='ocrx_word' id='word_1_221' title='bbox 2791 3218 2911 3278; x_wconf 87' lang='lat'><strong>390</strong></span> 
     </span>
     <span class='ocr_line' id='line_1_31' title="bbox 579 3319 2295 3395; baseline 0 -18"><span class='ocrx_word' id='word_1_222' title='bbox 579 3320 692 3377; x_wconf 90' lang='grc' dir='ltr'><strong>ΒΕ.</strong></span> <span class='ocrx_word' id='word_1_223' title='bbox 728 3320 941 3394; x_wconf 91' lang='lat' dir='ltr'><strong>Neque</strong></span> <span class='ocrx_word' id='word_1_224' title='bbox 970 3321 1083 3394; x_wconf 82' lang='lat' dir='ltr'><strong>ego</strong></span> <span class='ocrx_word' id='word_1_225' title='bbox 1111 3319 1274 3377; x_wconf 88' lang='lat' dir='ltr'><strong>illum</strong></span> <span class='ocrx_word' id='word_1_226' title='bbox 1303 3338 1509 3379; x_wconf 88' lang='lat' dir='ltr'><strong>noram</strong></span> <span class='ocrx_word' id='word_1_227' title='bbox 1538 3323 1732 3395; x_wconf 91' lang='lat' dir='ltr'><strong>neque</strong></span> <span class='ocrx_word' id='word_1_228' title='bbox 1763 3320 1842 3377; x_wconf 91' lang='lat' dir='ltr'><strong>mi</strong></span> <span class='ocrx_word' id='word_1_229' title='bbox 1873 3322 2158 3395; x_wconf 72' lang='lat' dir='ltr'><strong>cognatus</strong></span> <span class='ocrx_word' id='word_1_230' title='bbox 2188 3320 2295 3378; x_wconf 89' lang='lat' dir='ltr'><strong>suit</strong></span> 
     </span>
     <span class='ocr_line' id='line_1_32' title="bbox 727 3402 2726 3493; baseline 0.001 -18"><span class='ocrx_word' id='word_1_231' title='bbox 727 3417 1052 3492; x_wconf 87' lang='lat' dir='ltr'><strong>Quisquam</strong></span> <span class='ocrx_word' id='word_1_232' title='bbox 1082 3421 1230 3476; x_wconf 91' lang='lat' dir='ltr'><strong>istoc</strong></span> <span class='ocrx_word' id='word_1_233' title='bbox 1258 3418 1521 3477; x_wconf 86' lang='lat' dir='ltr'><strong>nomine.</strong></span> <span class='ocrx_word' id='word_1_234' title='bbox 1606 3420 1716 3476; x_wconf 88' lang='grc' dir='ltr'><strong>ΡΗ.</strong></span> <span class='ocrx_word' id='word_1_235' title='bbox 1762 3402 1975 3476; x_wconf 67' lang='lat' dir='ltr'><strong>itane?</strong></span> <span class='ocrx_word' id='word_1_236' title='bbox 2013 3436 2135 3476; x_wconf 88' lang='lat' dir='ltr'><strong>non</strong></span> <span class='ocrx_word' id='word_1_237' title='bbox 2165 3426 2224 3475; x_wconf 91' lang='lat' dir='ltr'><strong>te</strong></span> <span class='ocrx_word' id='word_1_238' title='bbox 2254 3418 2467 3477; x_wconf 76' lang='lat' dir='ltr'><strong>horum</strong></span> <span class='ocrx_word' id='word_1_239' title='bbox 2495 3416 2726 3493; x_wconf 80' lang='lat' dir='ltr'><strong>pudet?</strong></span> 
     </span>
     <span class='ocr_line' id='line_1_33' title="bbox 723 3514 1967 3590; baseline -0.001 -17"><span class='ocrx_word' id='word_1_240' title='bbox 723 3516 804 3572; x_wconf 87' lang='lat' dir='ltr'><strong>At</strong></span> <span class='ocrx_word' id='word_1_241' title='bbox 829 3518 878 3572; x_wconf 91' lang='lat' dir='ltr'><strong>si</strong></span> <span class='ocrx_word' id='word_1_242' title='bbox 906 3515 1193 3573; x_wconf 89' lang='lat' dir='ltr'><strong>talentum</strong></span> <span class='ocrx_word' id='word_1_243' title='bbox 1221 3517 1347 3573; x_wconf 88' lang='lat' dir='ltr'><strong>rem</strong></span> <span class='ocrx_word' id='word_1_244' title='bbox 1377 3514 1706 3590; x_wconf 85' lang='lat' dir='ltr'><strong>reliquisset</strong></span> <span class='ocrx_word' id='word_1_245' title='bbox 1734 3514 1967 3586; x_wconf 88' lang='lat' dir='ltr'><strong>decem,</strong></span> 
     </span>
     <span class='ocr_line' id='line_1_34' title="bbox 575 3610 2737 3689; baseline -0 -19"><span class='ocrx_word' id='word_1_246' title='bbox 575 3611 694 3670; x_wconf 88' lang='grc' dir='ltr'><strong>ΒΕ.</strong></span> <span class='ocrx_word' id='word_1_247' title='bbox 731 3610 1022 3689; x_wconf 78' lang='lat' dir='ltr'><em>(angn’ly)</em></span> <span class='ocrx_word' id='word_1_248' title='bbox 1062 3611 1141 3670; x_wconf 92' lang='lat' dir='ltr'><strong>Di</strong></span> <span class='ocrx_word' id='word_1_249' title='bbox 1169 3612 1275 3671; x_wconf 86' lang='lat' dir='ltr'><strong>tibi</strong></span> <span class='ocrx_word' id='word_1_250' title='bbox 1304 3612 1717 3671; x_wconf 82' lang='lat' dir='ltr'><strong>malefaciant!</strong></span> <span class='ocrx_word' id='word_1_251' title='bbox 1802 3614 1912 3670; x_wconf 88' lang='grc' dir='ltr'><strong>ΡΗ.</strong></span> <span class='ocrx_word' id='word_1_252' title='bbox 1955 3614 2177 3687; x_wconf 87' lang='lat' dir='ltr'><strong>primus</strong></span> <span class='ocrx_word' id='word_1_253' title='bbox 2206 3629 2364 3670; x_wconf 90' lang='lat' dir='ltr'><strong>esses</strong></span> <span class='ocrx_word' id='word_1_254' title='bbox 2394 3611 2737 3671; x_wconf 86' lang='lat' dir='ltr'><strong>memoriter</strong></span> 
     </span>
     <span class='ocr_line' id='line_1_35' title="bbox 725 3706 2911 3785; baseline -0.001 -18"><span class='ocrx_word' id='word_1_255' title='bbox 725 3709 1076 3785; x_wconf 84' lang='lat' dir='ltr'><strong>Progeniem</strong></span> <span class='ocrx_word' id='word_1_256' title='bbox 1103 3719 1362 3769; x_wconf 85' lang='lat' dir='ltr'><strong>nostram</strong></span> <span class='ocrx_word' id='word_1_257' title='bbox 1389 3727 1574 3785; x_wconf 86' lang='lat' dir='ltr'><strong>usque</strong></span> <span class='ocrx_word' id='word_1_258' title='bbox 1604 3709 1681 3768; x_wconf 75' lang='lat' dir='ltr'><strong>ab</strong></span> <span class='ocrx_word' id='word_1_259' title='bbox 1710 3728 1825 3767; x_wconf 89' lang='lat' dir='ltr'><strong>auo</strong></span> <span class='ocrx_word' id='word_1_260' title='bbox 1852 3717 2030 3785; x_wconf 90' lang='lat' dir='ltr'><strong>atque</strong></span> <span class='ocrx_word' id='word_1_261' title='bbox 2059 3718 2237 3767; x_wconf 86' lang='lat' dir='ltr'><strong>atauo</strong></span> <span class='ocrx_word' id='word_1_262' title='bbox 2265 3709 2593 3784; x_wconf 56' lang='lat' dir='ltr'><strong>preferens</strong></span> <span class='ocrx_word' id='word_1_263' title='bbox 2791 3706 2911 3766; x_wconf 87' lang='lat'><strong>395</strong></span> 
     </span>
    </p>
   </div>
  </div>
 </body>
</html>
