<?xml version="1.0" encoding="UTF-8"?>
<!DOCTYPE html PUBLIC "-//W3C//DTD XHTML 1.0 Transitional//EN"
    "http://www.w3.org/TR/xhtml1/DTD/xhtml1-transitional.dtd">
<html xmlns="http://www.w3.org/1999/xhtml" xml:lang="en" lang="en">
 <head>
  <title>
</title>
<meta http-equiv="Content-Type" content="text/html;charset=utf-8" />
  <meta name='ocr-system' content='tesseract 3.04.00' />
  <meta name='ocr-capabilities' content='ocr_page ocr_carea ocr_par ocr_line ocrx_word'/>
</head>
<body>
  <div class='ocr_page' id='page_1' title='image "./terencephormioh00teregoog_0048.png"; bbox 0 0 3209 4109; ppageno 0'>
   <div class='ocr_carea' id='block_1_1' title="bbox 389 248 2906 317">
    <p class='ocr_par' dir='ltr' id='par_1_1' title="bbox 389 248 2906 317">
     <span class='ocr_line' id='line_1_1' title="bbox 389 248 2906 317; baseline 0.004 -25"><span class='ocrx_word' id='word_1_1' title='bbox 389 250 460 301; x_wconf 83' lang='lat'><strong>46</strong></span> <span class='ocrx_word' id='word_1_2' title='bbox 1463 248 1828 297; x_wconf 83' lang='lat' dir='ltr'><em>PHORMIO.</em></span> <span class='ocrx_word' id='word_1_3' title='bbox 2661 250 2906 317; x_wconf 81' lang='lat' dir='ltr'><strong>[iv.6.13-</strong></span> 
     </span>
    </p>
   </div>
   <div class='ocr_carea' id='block_1_2' title="bbox 390 427 2910 3246">
    <p class='ocr_par' dir='ltr' id='par_1_2' title="bbox 394 427 2741 606">
     <span class='ocr_line' id='line_1_2' title="bbox 394 427 2741 509; baseline 0.002 -21"><span class='ocrx_word' id='word_1_4' title='bbox 394 429 512 488; x_wconf 83' lang='lat'><strong>740</strong></span> <span class='ocrx_word' id='word_1_5' title='bbox 570 430 687 490; x_wconf 79' lang='lat' dir='ltr'><strong>CH.</strong></span> <span class='ocrx_word' id='word_1_6' title='bbox 718 428 975 505; x_wconf 78' lang='lat' dir='ltr'><strong>Respice</strong></span> <span class='ocrx_word' id='word_1_7' title='bbox 1003 427 1083 488; x_wconf 88' lang='lat' dir='ltr'><strong>ad</strong></span> <span class='ocrx_word' id='word_1_8' title='bbox 1111 446 1227 488; x_wconf 91' lang='lat' dir='ltr'><strong>me.</strong></span> <span class='ocrx_word' id='word_1_9' title='bbox 1310 429 1409 489; x_wconf 97' lang='grc'><strong>80.</strong></span> <span class='ocrx_word' id='word_1_10' title='bbox 1441 429 1708 507; x_wconf 82' lang='lat' dir='ltr'><em>(looking</em></span> <span class='ocrx_word' id='word_1_11' title='bbox 1729 431 1933 506; x_wconf 61' lang='lat' dir='ltr'><strong>closely</strong></span> <span class='ocrx_word' id='word_1_12' title='bbox 1958 439 2032 489; x_wconf 83' lang='lat' dir='ltr'><strong>at</strong></span> <span class='ocrx_word' id='word_1_13' title='bbox 2049 430 2207 509; x_wconf 80' lang='lat' dir='ltr'><strong>him)</strong></span> <span class='ocrx_word' id='word_1_14' title='bbox 2238 433 2320 491; x_wconf 93' lang='lat' dir='ltr'><strong>Di</strong></span> <span class='ocrx_word' id='word_1_15' title='bbox 2341 433 2592 493; x_wconf 70' lang='lat' dir='ltr'><strong>Obsecro</strong></span> <span class='ocrx_word' id='word_1_16' title='bbox 2612 452 2741 508; x_wconf 86' lang='lat' dir='ltr'><strong>uos,</strong></span> 
     </span>
     <span class='ocr_line' id='line_1_3' title="bbox 1196 526 2623 606; baseline 0.004 -22"><span class='ocrx_word' id='word_1_17' title='bbox 1196 528 1361 585; x_wconf 73' lang='lat' dir='ltr'><strong>estne</strong></span> <span class='ocrx_word' id='word_1_18' title='bbox 1390 526 1488 584; x_wconf 91' lang='lat' dir='ltr'><strong>hic</strong></span> <span class='ocrx_word' id='word_1_19' title='bbox 1516 527 1752 603; x_wconf 85' lang='lat' dir='ltr'>Stilpo?</span> <span class='ocrx_word' id='word_1_20' title='bbox 1832 529 1950 588; x_wconf 76' lang='lat' dir='ltr'><strong>Cn.</strong></span> <span class='ocrx_word' id='word_1_21' title='bbox 1994 529 2154 589; x_wconf 69' lang='lat' dir='ltr'><strong>Non.</strong></span> <span class='ocrx_word' id='word_1_22' title='bbox 2236 530 2336 590; x_wconf 94' lang='grc'><strong>80.</strong></span> <span class='ocrx_word' id='word_1_23' title='bbox 2380 531 2623 606; x_wconf 80' lang='lat' dir='ltr'>Negas?</span> 
     </span>
    </p>

    <p class='ocr_par' dir='ltr' id='par_1_3' title="bbox 569 624 2741 799">
     <span class='ocr_line' id='line_1_4' title="bbox 569 624 2741 705; baseline 0.001 -19"><span class='ocrx_word' id='word_1_24' title='bbox 569 626 685 686; x_wconf 75' lang='lat' dir='ltr'><strong>Cu.</strong></span> <span class='ocrx_word' id='word_1_25' title='bbox 727 626 822 700; x_wconf 86' lang='lat' dir='ltr'><strong>(in</strong></span> <span class='ocrx_word' id='word_1_26' title='bbox 864 644 904 681; x_wconf 88' lang='lat' dir='ltr'><strong>a</strong></span> <span class='ocrx_word' id='word_1_27' title='bbox 945 625 1219 700; x_wconf 63' lang='lat' dir='ltr'><strong>wlulvper,</strong></span> <span class='ocrx_word' id='word_1_28' title='bbox 1259 625 1602 700; x_wconf 80' lang='lat' dir='ltr'><strong>beckoning)</strong></span> <span class='ocrx_word' id='word_1_29' title='bbox 1644 624 1932 684; x_wconf 69' lang='lat' dir='ltr'><strong>Concede</strong></span> <span class='ocrx_word' id='word_1_30' title='bbox 1974 626 2113 684; x_wconf 86' lang='lat' dir='ltr'><strong>hinc</strong></span> <span class='ocrx_word' id='word_1_31' title='bbox 2157 646 2195 685; x_wconf 92' lang='lat' dir='ltr'><strong>a</strong></span> <span class='ocrx_word' id='word_1_32' title='bbox 2238 628 2459 688; x_wconf 67' lang='lat' dir='ltr'><strong>scribus</strong></span> <span class='ocrx_word' id='word_1_33' title='bbox 2503 629 2741 705; x_wconf 88' lang='lat' dir='ltr'><strong>paulum</strong></span> 
     </span>
     <span class='ocr_line' id='line_1_5' title="bbox 1193 722 2054 799; baseline 0.003 -19"><span class='ocrx_word' id='word_1_34' title='bbox 1193 722 1468 781; x_wconf 70' lang='lat' dir='ltr'><strong>istbrsum</strong></span> <span class='ocrx_word' id='word_1_35' title='bbox 1498 722 1694 797; x_wconf 80' lang='lat' dir='ltr'><strong>sodeS,</strong></span> <span class='ocrx_word' id='word_1_36' title='bbox 1725 724 2054 799; x_wconf 71' lang='lat' dir='ltr'><strong>prhrona.</strong></span> 
     </span>
    </p>

    <p class='ocr_par' dir='ltr' id='par_1_4' title="bbox 714 820 2903 990">
     <span class='ocr_line' id='line_1_6' title="bbox 714 820 2903 900; baseline 0.002 -21"><span class='ocrx_word' id='word_1_37' title='bbox 714 822 809 879; x_wconf 92' lang='lat' dir='ltr'><strong>Ne</strong></span> <span class='ocrx_word' id='word_1_38' title='bbox 852 838 948 879; x_wconf 91' lang='lat' dir='ltr'><strong>me</strong></span> <span class='ocrx_word' id='word_1_39' title='bbox 994 824 1143 879; x_wconf 90' lang='lat' dir='ltr'><strong>istoc</strong></span> <span class='ocrx_word' id='word_1_40' title='bbox 1189 820 1440 895; x_wconf 88' lang='lat' dir='ltr'><strong>posthac</strong></span> <span class='ocrx_word' id='word_1_41' title='bbox 1482 820 1726 879; x_wconf 68' lang='lat' dir='ltr'><strong>nomine</strong></span> <span class='ocrx_word' id='word_1_42' title='bbox 1769 821 2128 898; x_wconf 59' lang='lat' dir='ltr'><strong>appellat-»sis</strong></span> <span class='ocrx_word' id='word_1_43' title='bbox 2211 824 2310 883; x_wconf 94' lang='grc'><strong>80.</strong></span> <span class='ocrx_word' id='word_1_44' title='bbox 2355 823 2520 899; x_wconf 88' lang='lat' dir='ltr'><strong>Quid</strong></span> <span class='ocrx_word' id='word_1_45' title='bbox 2534 826 2562 882; x_wconf 85' lang='lat'><strong>?</strong></span> <span class='ocrx_word' id='word_1_46' title='bbox 2600 843 2743 899; x_wconf 88' lang='lat' dir='ltr'><strong>non,</strong></span> <span class='ocrx_word' id='word_1_47' title='bbox 2852 851 2903 900; x_wconf 76' lang='lat'><strong>15</strong></span> 
     </span>
     <span class='ocr_line' id='line_1_7' title="bbox 1196 914 1558 990; baseline 0.006 -15"><span class='ocrx_word' id='word_1_48' title='bbox 1196 914 1464 990; x_wconf 70' lang='lat' dir='ltr'><strong>bbsecro,</strong></span> <span class='ocrx_word' id='word_1_49' title='bbox 1495 936 1558 977; x_wconf 88' lang='lat' dir='ltr'><strong>es</strong></span> 
     </span>
    </p>

    <p class='ocr_par' dir='ltr' id='par_1_5' title="bbox 714 1014 2743 1189">
     <span class='ocr_line' id='line_1_8' title="bbox 714 1014 2743 1095; baseline 0.002 -22"><span class='ocrx_word' id='word_1_50' title='bbox 714 1017 909 1091; x_wconf 85' lang='lat' dir='ltr'><strong>Quem</strong></span> <span class='ocrx_word' id='word_1_51' title='bbox 939 1017 1176 1090; x_wconf 74' lang='lat' dir='ltr'><strong>semper</strong></span> <span class='ocrx_word' id='word_1_52' title='bbox 1197 1024 1255 1073; x_wconf 94' lang='lat' dir='ltr'><strong>te</strong></span> <span class='ocrx_word' id='word_1_53' title='bbox 1278 1033 1407 1074; x_wconf 90' lang='lat' dir='ltr'><strong>esse</strong></span> <span class='ocrx_word' id='word_1_54' title='bbox 1429 1014 1754 1075; x_wconf 80' lang='lat' dir='ltr'><strong>dictitasti?</strong></span> <span class='ocrx_word' id='word_1_55' title='bbox 1835 1017 1952 1077; x_wconf 81' lang='lat' dir='ltr'><strong>CH.</strong></span> <span class='ocrx_word' id='word_1_56' title='bbox 1984 1015 2295 1095; x_wconf 81' lang='lat' dir='ltr'><em>(pointing</em></span> <span class='ocrx_word' id='word_1_57' title='bbox 2313 1026 2369 1077; x_wconf 83' lang='lat' dir='ltr'><strong>to</strong></span> <span class='ocrx_word' id='word_1_58' title='bbox 2390 1022 2541 1078; x_wconf 84' lang='lat' dir='ltr'><strong>door</strong></span> <span class='ocrx_word' id='word_1_59' title='bbox 2563 1019 2639 1095; x_wconf 71' lang='lat' dir='ltr'><strong>qs</strong></span> <span class='ocrx_word' id='word_1_60' title='bbox 2650 1021 2743 1080; x_wconf 80' lang='lat' dir='ltr'><strong>his</strong></span> 
     </span>
     <span class='ocr_line' id='line_1_9' title="bbox 1193 1111 2533 1189; baseline 0.004 -19"><span class='ocrx_word' id='word_1_61' title='bbox 1193 1111 1401 1189; x_wconf 81' lang='lat' dir='ltr'><strong>house)</strong></span> <span class='ocrx_word' id='word_1_62' title='bbox 1439 1111 1540 1172; x_wconf 89' lang='lat' dir='ltr'><strong>St&#39;.</strong></span> <span class='ocrx_word' id='word_1_63' title='bbox 1625 1114 1722 1173; x_wconf 89' lang='grc'><strong>80.</strong></span> <span class='ocrx_word' id='word_1_64' title='bbox 1769 1113 1930 1188; x_wconf 86' lang='lat' dir='ltr'><strong>Quid</strong></span> <span class='ocrx_word' id='word_1_65' title='bbox 1959 1114 2064 1173; x_wconf 89' lang='lat' dir='ltr'><strong>has</strong></span> <span class='ocrx_word' id='word_1_66' title='bbox 2095 1119 2306 1175; x_wconf 84' lang='lat' dir='ltr'><strong>metuis</strong></span> <span class='ocrx_word' id='word_1_67' title='bbox 2335 1117 2490 1176; x_wconf 88' lang='lat' dir='ltr'><strong>fores</strong></span> <span class='ocrx_word' id='word_1_68' title='bbox 2505 1119 2533 1175; x_wconf 85' lang='lat'><strong>?</strong></span> 
     </span>
    </p>

    <p class='ocr_par' dir='ltr' id='par_1_6' title="bbox 569 1212 2745 1466">
     <span class='ocr_line' id='line_1_10' title="bbox 569 1212 2744 1293; baseline 0.001 -21"><span class='ocrx_word' id='word_1_69' title='bbox 569 1214 685 1273; x_wconf 80' lang='lat' dir='ltr'><strong>CH.</strong></span> <span class='ocrx_word' id='word_1_70' title='bbox 725 1212 987 1293; x_wconf 81' lang='lat' dir='ltr'><strong>(coming</strong></span> <span class='ocrx_word' id='word_1_71' title='bbox 1022 1230 1174 1269; x_wconf 83' lang='lat' dir='ltr'><strong>near</strong></span> <span class='ocrx_word' id='word_1_72' title='bbox 1205 1212 1329 1284; x_wconf 77' lang='lat' dir='ltr'><strong>her,</strong></span> <span class='ocrx_word' id='word_1_73' title='bbox 1360 1213 1495 1268; x_wconf 86' lang='lat' dir='ltr'><strong>and</strong></span> <span class='ocrx_word' id='word_1_74' title='bbox 1524 1212 1807 1288; x_wconf 84' lang='lat' dir='ltr'><strong>speaking</strong></span> <span class='ocrx_word' id='word_1_75' title='bbox 1842 1213 1907 1271; x_wconf 83' lang='lat' dir='ltr'><strong>in</strong></span> <span class='ocrx_word' id='word_1_76' title='bbox 1949 1231 1989 1270; x_wconf 89' lang='lat' dir='ltr'><strong>a</strong></span> <span class='ocrx_word' id='word_1_77' title='bbox 2031 1214 2148 1272; x_wconf 83' lang='lat' dir='ltr'><strong>low</strong></span> <span class='ocrx_word' id='word_1_78' title='bbox 2187 1212 2348 1290; x_wconf 83' lang='lat' dir='ltr'><strong>tone)</strong></span> <span class='ocrx_word' id='word_1_79' title='bbox 2385 1215 2744 1274; x_wconf 76' lang='lat' dir='ltr'><strong>Conclusam</strong></span> 
     </span>
     <span class='ocr_line' id='line_1_11' title="bbox 1193 1309 2745 1372; baseline 0.004 -6"><span class='ocrx_word' id='word_1_80' title='bbox 1193 1309 1291 1366; x_wconf 93' lang='lat' dir='ltr'><strong>hic</strong></span> <span class='ocrx_word' id='word_1_81' title='bbox 1334 1309 1527 1369; x_wconf 89' lang='lat' dir='ltr'><strong>habeo</strong></span> <span class='ocrx_word' id='word_1_82' title='bbox 1570 1312 1818 1369; x_wconf 71' lang='lat' dir='ltr'><strong>uxbrem</strong></span> <span class='ocrx_word' id='word_1_83' title='bbox 1862 1328 2121 1370; x_wconf 87' lang='lat' dir='ltr'><strong>saeuam.</strong></span> <span class='ocrx_word' id='word_1_84' title='bbox 2202 1314 2409 1370; x_wconf 72' lang='lat' dir='ltr'><strong>uerum</strong></span> <span class='ocrx_word' id='word_1_85' title='bbox 2453 1312 2603 1372; x_wconf 90' lang='lat' dir='ltr'><strong>istoc</strong></span> <span class='ocrx_word' id='word_1_86' title='bbox 2648 1331 2745 1372; x_wconf 90' lang='lat' dir='ltr'><strong>me</strong></span> 
     </span>
     <span class='ocr_line' id='line_1_12' title="bbox 1190 1406 1432 1466; baseline 0.004 -2"><span class='ocrx_word' id='word_1_87' title='bbox 1190 1406 1432 1466; x_wconf 68' lang='lat' dir='ltr'><strong>mimine</strong></span> 
     </span>
    </p>

    <p class='ocr_par' dir='ltr' id='par_1_7' title="bbox 392 1504 2518 1679">
     <span class='ocr_line' id='line_1_13' title="bbox 392 1504 2497 1582; baseline 0.001 -17"><span class='ocrx_word' id='word_1_88' title='bbox 392 1508 429 1565; x_wconf 83' lang='lat'>7</span> <span class='ocrx_word' id='word_1_89' title='bbox 430 1506 510 1565; x_wconf 86' lang='lat'><strong>45</strong></span> <span class='ocrx_word' id='word_1_90' title='bbox 714 1506 806 1564; x_wconf 93' lang='lat' dir='ltr'><strong>Eo</strong></span> <span class='ocrx_word' id='word_1_91' title='bbox 834 1508 1147 1581; x_wconf 80' lang='lat' dir='ltr'><strong>perperam</strong></span> <span class='ocrx_word' id='word_1_92' title='bbox 1175 1504 1318 1563; x_wconf 89' lang='lat' dir='ltr'><strong>olim</strong></span> <span class='ocrx_word' id='word_1_93' title='bbox 1347 1504 1488 1579; x_wconf 82' lang='lat' dir='ltr'><strong>dixi,</strong></span> <span class='ocrx_word' id='word_1_94' title='bbox 1519 1522 1597 1563; x_wconf 89' lang='lat' dir='ltr'><strong>ne</strong></span> <span class='ocrx_word' id='word_1_95' title='bbox 1625 1523 1734 1564; x_wconf 90' lang='lat' dir='ltr'><strong>uos</strong></span> <span class='ocrx_word' id='word_1_96' title='bbox 1764 1506 1915 1565; x_wconf 67' lang='lat' dir='ltr'><strong>forte</strong></span> <span class='ocrx_word' id='word_1_97' title='bbox 1944 1505 2329 1582; x_wconf 73' lang='lat' dir='ltr'><strong>inprudentes</strong></span> <span class='ocrx_word' id='word_1_98' title='bbox 2358 1508 2497 1567; x_wconf 83' lang='lat' dir='ltr'><strong>foris</strong></span> 
     </span>
     <span class='ocr_line' id='line_1_14' title="bbox 712 1601 2518 1679; baseline 0.002 -18"><span class='ocrx_word' id='word_1_99' title='bbox 712 1602 1058 1661; x_wconf 75' lang='lat' dir='ltr'><strong>Effuttiretis</strong></span> <span class='ocrx_word' id='word_1_100' title='bbox 1088 1604 1265 1677; x_wconf 70' lang='lat' dir='ltr'><strong>atque</strong></span> <span class='ocrx_word' id='word_1_101' title='bbox 1294 1601 1358 1660; x_wconf 87' lang='lat' dir='ltr'><strong>id</strong></span> <span class='ocrx_word' id='word_1_102' title='bbox 1385 1619 1565 1678; x_wconf 89' lang='lat' dir='ltr'><strong>porro</strong></span> <span class='ocrx_word' id='word_1_103' title='bbox 1591 1602 1790 1679; x_wconf 79' lang='lat' dir='ltr'><strong>aliqua</strong></span> <span class='ocrx_word' id='word_1_104' title='bbox 1817 1605 1965 1663; x_wconf 72' lang='lat' dir='ltr'><strong>uxor</strong></span> <span class='ocrx_word' id='word_1_105' title='bbox 1994 1623 2131 1663; x_wconf 88' lang='lat' dir='ltr'><strong>mea</strong></span> <span class='ocrx_word' id='word_1_106' title='bbox 2156 1608 2518 1664; x_wconf 80' lang='lat' dir='ltr'><strong>rescisceret.</strong></span> 
     </span>
    </p>

    <p class='ocr_par' dir='ltr' id='par_1_8' title="bbox 584 1700 2625 1779">
     <span class='ocr_line' id='line_1_15' title="bbox 584 1700 2625 1779; baseline 0.001 -19"><span class='ocrx_word' id='word_1_107' title='bbox 584 1703 681 1760; x_wconf 93' lang='grc'><strong>80.</strong></span> <span class='ocrx_word' id='word_1_108' title='bbox 713 1703 874 1759; x_wconf 81' lang='lat' dir='ltr'><strong>Ist6c</strong></span> <span class='ocrx_word' id='word_1_109' title='bbox 903 1701 1005 1775; x_wconf 91' lang='lat' dir='ltr'><strong>pol</strong></span> <span class='ocrx_word' id='word_1_110' title='bbox 1034 1718 1141 1758; x_wconf 88' lang='lat' dir='ltr'><strong>nos</strong></span> <span class='ocrx_word' id='word_1_111' title='bbox 1171 1709 1229 1757; x_wconf 90' lang='lat' dir='ltr'><strong>te</strong></span> <span class='ocrx_word' id='word_1_112' title='bbox 1259 1700 1357 1757; x_wconf 88' lang='lat' dir='ltr'><strong>hic</strong></span> <span class='ocrx_word' id='word_1_113' title='bbox 1385 1700 1648 1758; x_wconf 87' lang='lat' dir='ltr'><strong>inuenire</strong></span> <span class='ocrx_word' id='word_1_114' title='bbox 1680 1704 1928 1760; x_wconf 82' lang='lat' dir='ltr'><strong>miserae</strong></span> <span class='ocrx_word' id='word_1_115' title='bbox 1956 1720 2283 1777; x_wconf 88' lang='lat' dir='ltr'>numquam</span> <span class='ocrx_word' id='word_1_116' title='bbox 2309 1703 2625 1779; x_wconf 67' lang='lat' dir='ltr'><strong>potuimus.</strong></span> 
     </span>
    </p>

    <p class='ocr_par' dir='ltr' id='par_1_9' title="bbox 569 1797 2811 1974">
     <span class='ocr_line' id='line_1_16' title="bbox 569 1797 2746 1878; baseline 0.001 -20"><span class='ocrx_word' id='word_1_117' title='bbox 569 1800 686 1858; x_wconf 78' lang='lat' dir='ltr'><strong>CH.</strong></span> <span class='ocrx_word' id='word_1_118' title='bbox 718 1798 853 1856; x_wconf 90' lang='lat' dir='ltr'><strong>Eho</strong></span> <span class='ocrx_word' id='word_1_119' title='bbox 894 1797 993 1856; x_wconf 89' lang='lat' dir='ltr'><strong>dic</strong></span> <span class='ocrx_word' id='word_1_120' title='bbox 1038 1797 1199 1870; x_wconf 87' lang='lat' dir='ltr'><strong>mihi,</strong></span> <span class='ocrx_word' id='word_1_121' title='bbox 1236 1797 1381 1872; x_wconf 90' lang='lat' dir='ltr'><strong>quid</strong></span> <span class='ocrx_word' id='word_1_122' title='bbox 1422 1800 1507 1856; x_wconf 91' lang='lat' dir='ltr'><strong>rei</strong></span> <span class='ocrx_word' id='word_1_123' title='bbox 1549 1798 1710 1857; x_wconf 90' lang='lat' dir='ltr'><strong>tibist</strong></span> <span class='ocrx_word' id='word_1_124' title='bbox 1752 1817 1891 1858; x_wconf 92' lang='lat' dir='ltr'><strong>cum</strong></span> <span class='ocrx_word' id='word_1_125' title='bbox 1934 1799 2153 1858; x_wconf 73' lang='lat' dir='ltr'><strong>familia</strong></span> <span class='ocrx_word' id='word_1_126' title='bbox 2194 1800 2309 1859; x_wconf 85' lang='lat' dir='ltr'><strong>hac</strong></span> <span class='ocrx_word' id='word_1_127' title='bbox 2345 1801 2371 1878; x_wconf 92' lang='lat'>(</span> <span class='ocrx_word' id='word_1_128' title='bbox 2375 1802 2654 1877; x_wconf 78' lang='lat' dir='ltr'><strong>pointing</strong></span> <span class='ocrx_word' id='word_1_129' title='bbox 2688 1810 2746 1860; x_wconf 83' lang='lat' dir='ltr'><strong>to</strong></span> 
     </span>
     <span class='ocr_line' id='line_1_17' title="bbox 1198 1894 2811 1974; baseline 0.006 -22"><span class='ocrx_word' id='word_1_130' title='bbox 1198 1895 1540 1954; x_wconf 68' lang='lat' dir='ltr'><strong>DEMn’Ho&#39;s</strong></span> <span class='ocrx_word' id='word_1_131' title='bbox 1567 1894 1777 1974; x_wconf 80' lang='lat' dir='ltr'><em>house)</em></span> <span class='ocrx_word' id='word_1_132' title='bbox 1815 1896 1975 1957; x_wconf 88' lang='lat' dir='ltr'><strong>unde</strong></span> <span class='ocrx_word' id='word_1_133' title='bbox 2008 1897 2174 1957; x_wconf 79' lang='lat' dir='ltr'><strong>exis?</strong></span> <span class='ocrx_word' id='word_1_134' title='bbox 2800 1955 2811 1962; x_wconf 93' lang='lat'><em>.</em></span> 
     </span>
    </p>

    <p class='ocr_par' dir='ltr' id='par_1_10' title="bbox 393 1993 2744 2265">
     <span class='ocr_line' id='line_1_18' title="bbox 711 1993 2736 2076; baseline 0 -22"><span class='ocrx_word' id='word_1_135' title='bbox 711 1994 828 2054; x_wconf 92' lang='lat' dir='ltr'><strong>Vbi</strong></span> <span class='ocrx_word' id='word_1_136' title='bbox 849 1993 981 2051; x_wconf 83' lang='lat' dir='ltr'><strong>illae</strong></span> <span class='ocrx_word' id='word_1_137' title='bbox 1005 1995 1180 2052; x_wconf 81' lang='lat' dir='ltr'><strong>sunt?</strong></span> <span class='ocrx_word' id='word_1_138' title='bbox 1255 1993 1353 2052; x_wconf 94' lang='grc'><strong>80.</strong></span> <span class='ocrx_word' id='word_1_139' title='bbox 1386 1993 1675 2070; x_wconf 80' lang='lat' dir='ltr'><strong>(siglu&#39;ng)</strong></span> <span class='ocrx_word' id='word_1_140' title='bbox 1709 1995 1993 2054; x_wconf 84' lang='lat' dir='ltr'><strong>Miseram</strong></span> <span class='ocrx_word' id='word_1_141' title='bbox 2017 2014 2114 2055; x_wconf 89' lang='lat' dir='ltr'><strong>me</strong></span> <span class='ocrx_word' id='word_1_142' title='bbox 2140 1999 2153 2055; x_wconf 73' lang='lat' dir='ltr'><strong>i</strong></span> <span class='ocrx_word' id='word_1_143' title='bbox 2236 1997 2353 2057; x_wconf 77' lang='lat' dir='ltr'><strong>Cn.</strong></span> <span class='ocrx_word' id='word_1_144' title='bbox 2385 1997 2483 2075; x_wconf 72' lang='lat' dir='ltr'><strong>(ln</strong></span> <span class='ocrx_word' id='word_1_145' title='bbox 2504 1996 2736 2076; x_wconf 85' lang='lat' dir='ltr'><strong>alarm)</strong></span> 
     </span>
     <span class='ocr_line' id='line_1_19' title="bbox 1196 2090 2687 2171; baseline 0.003 -22"><span class='ocrx_word' id='word_1_146' title='bbox 1196 2092 1379 2162; x_wconf 77' lang='lat' dir='ltr'><strong>Hem,</strong></span> <span class='ocrx_word' id='word_1_147' title='bbox 1409 2090 1555 2165; x_wconf 91' lang='lat' dir='ltr'><strong>quid</strong></span> <span class='ocrx_word' id='word_1_148' title='bbox 1585 2092 1719 2149; x_wconf 85' lang='lat' dir='ltr'><strong>est?</strong></span> <span class='ocrx_word' id='word_1_149' title='bbox 1760 2092 2085 2152; x_wconf 73' lang='lat' dir='ltr'><strong>uiubnme?</strong></span> <span class='ocrx_word' id='word_1_150' title='bbox 2164 2095 2262 2154; x_wconf 93' lang='grc'><strong>80.</strong></span> <span class='ocrx_word' id='word_1_151' title='bbox 2304 2095 2467 2153; x_wconf 89' lang='lat' dir='ltr'><strong>Viuit</strong></span> <span class='ocrx_word' id='word_1_152' title='bbox 2492 2097 2687 2171; x_wconf 68' lang='lat' dir='ltr'><strong>gnata.</strong></span> 
     </span>
     <span class='ocr_line' id='line_1_20' title="bbox 393 2187 2744 2265; baseline 0.001 -17"><span class='ocrx_word' id='word_1_153' title='bbox 393 2189 510 2248; x_wconf 82' lang='lat'><strong>750</strong></span> <span class='ocrx_word' id='word_1_154' title='bbox 714 2192 971 2248; x_wconf 87' lang='lat' dir='ltr'><strong>Matrem</strong></span> <span class='ocrx_word' id='word_1_155' title='bbox 1000 2192 1188 2264; x_wconf 84' lang='lat' dir='ltr'><strong>ipsam</strong></span> <span class='ocrx_word' id='word_1_156' title='bbox 1217 2206 1292 2246; x_wconf 84' lang='lat' dir='ltr'><strong>ex</strong></span> <span class='ocrx_word' id='word_1_157' title='bbox 1320 2187 1691 2265; x_wconf 76' lang='lat' dir='ltr'><strong>aegritudine</strong></span> <span class='ocrx_word' id='word_1_158' title='bbox 1721 2189 1835 2248; x_wconf 90' lang='lat' dir='ltr'><strong>hac</strong></span> <span class='ocrx_word' id='word_1_159' title='bbox 1865 2189 2142 2249; x_wconf 55' lang='lat' dir='ltr'><strong>miserum</strong></span> <span class='ocrx_word' id='word_1_160' title='bbox 2170 2210 2328 2251; x_wconf 89' lang='lat' dir='ltr'><strong>mors</strong></span> <span class='ocrx_word' id='word_1_161' title='bbox 2350 2195 2744 2251; x_wconf 76' lang='lat' dir='ltr'><strong>consecutast.</strong></span> 
     </span>
    </p>

    <p class='ocr_par' dir='ltr' id='par_1_11' title="bbox 569 2286 2746 2462">
     <span class='ocr_line' id='line_1_21' title="bbox 569 2286 2746 2366; baseline 0.001 -20"><span class='ocrx_word' id='word_1_162' title='bbox 569 2288 685 2347; x_wconf 82' lang='lat' dir='ltr'><strong>CH.</strong></span> <span class='ocrx_word' id='word_1_163' title='bbox 724 2287 959 2366; x_wconf 85' lang='lat' dir='ltr'><em>(coolly)</em></span> <span class='ocrx_word' id='word_1_164' title='bbox 1014 2286 1175 2345; x_wconf 79' lang='lat' dir='ltr'><strong>Male</strong></span> <span class='ocrx_word' id='word_1_165' title='bbox 1228 2287 1467 2345; x_wconf 75' lang='lat' dir='ltr'><strong>factum.</strong></span> <span class='ocrx_word' id='word_1_166' title='bbox 1555 2288 1653 2347; x_wconf 94' lang='grc'><strong>80.</strong></span> <span class='ocrx_word' id='word_1_167' title='bbox 1709 2289 1841 2363; x_wconf 89' lang='lat' dir='ltr'><strong>Ego</strong></span> <span class='ocrx_word' id='word_1_168' title='bbox 1890 2296 2109 2361; x_wconf 87' lang='lat' dir='ltr'><strong>autem,</strong></span> <span class='ocrx_word' id='word_1_169' title='bbox 2158 2306 2311 2363; x_wconf 88' lang='lat' dir='ltr'><strong>quae</strong></span> <span class='ocrx_word' id='word_1_170' title='bbox 2360 2291 2551 2349; x_wconf 80' lang='lat' dir='ltr'><strong>essem</strong></span> <span class='ocrx_word' id='word_1_171' title='bbox 2599 2308 2746 2349; x_wconf 86' lang='lat' dir='ltr'><strong>anus</strong></span> 
     </span>
     <span class='ocr_line' id='line_1_22' title="bbox 1194 2384 1891 2462; baseline 0.001 -20"><span class='ocrx_word' id='word_1_172' title='bbox 1194 2384 1429 2444; x_wconf 77' lang='lat' dir='ltr'><strong>deserta</strong></span> <span class='ocrx_word' id='word_1_173' title='bbox 1459 2404 1639 2462; x_wconf 89' lang='lat' dir='ltr'><strong>egens</strong></span> <span class='ocrx_word' id='word_1_174' title='bbox 1670 2385 1891 2461; x_wconf 72' lang='lat' dir='ltr'><strong>ignota,</strong></span> 
     </span>
    </p>

    <p class='ocr_par' dir='ltr' id='par_1_12' title="bbox 710 2482 2910 2756">
     <span class='ocr_line' id='line_1_23' title="bbox 710 2482 2910 2559; baseline 0.001 -19"><span class='ocrx_word' id='word_1_175' title='bbox 710 2484 792 2541; x_wconf 93' lang='lat' dir='ltr'><strong>Vt</strong></span> <span class='ocrx_word' id='word_1_176' title='bbox 818 2483 985 2558; x_wconf 66' lang='lat' dir='ltr'><strong>potui</strong></span> <span class='ocrx_word' id='word_1_177' title='bbox 1014 2492 1263 2557; x_wconf 86' lang='lat' dir='ltr'><strong>nuptum</strong></span> <span class='ocrx_word' id='word_1_178' title='bbox 1296 2483 1584 2559; x_wconf 84' lang='lat' dir='ltr'><strong>uirginem</strong></span> <span class='ocrx_word' id='word_1_179' title='bbox 1617 2483 1812 2542; x_wconf 71' lang='lat' dir='ltr'><strong>locaui</strong></span> <span class='ocrx_word' id='word_1_180' title='bbox 1842 2482 1980 2541; x_wconf 90' lang='lat' dir='ltr'><strong>huic</strong></span> <span class='ocrx_word' id='word_1_181' title='bbox 2008 2482 2392 2557; x_wconf 78' lang='lat' dir='ltr'><strong>adulescenti,</strong></span> <span class='ocrx_word' id='word_1_182' title='bbox 2854 2512 2910 2559; x_wconf 82' lang='lat'><strong>25</strong></span> 
     </span>
     <span class='ocr_line' id='line_1_24' title="bbox 714 2580 2744 2660; baseline 0.001 -22"><span class='ocrx_word' id='word_1_183' title='bbox 714 2582 948 2638; x_wconf 80' lang='lat' dir='ltr'><strong>Harum</strong></span> <span class='ocrx_word' id='word_1_184' title='bbox 1011 2580 1321 2656; x_wconf 81' lang='lat' dir='ltr'><strong>(poi‘ntzng</strong></span> <span class='ocrx_word' id='word_1_185' title='bbox 1373 2589 1429 2639; x_wconf 84' lang='lat' dir='ltr'><strong>to</strong></span> <span class='ocrx_word' id='word_1_186' title='bbox 1489 2583 1797 2640; x_wconf 72' lang='lat' dir='ltr'><strong>Dmnpno’</strong></span> <span class='ocrx_word' id='word_1_187' title='bbox 1800 2598 1830 2641; x_wconf 87' lang='lat' dir='ltr'><strong>s</strong></span> <span class='ocrx_word' id='word_1_188' title='bbox 1889 2580 2099 2660; x_wconf 80' lang='lat' dir='ltr'><strong>house)</strong></span> <span class='ocrx_word' id='word_1_189' title='bbox 2162 2580 2267 2656; x_wconf 89' lang='lat' dir='ltr'><strong>qui</strong></span> <span class='ocrx_word' id='word_1_190' title='bbox 2322 2591 2410 2640; x_wconf 88' lang='lat' dir='ltr'><strong>est</strong></span> <span class='ocrx_word' id='word_1_191' title='bbox 2467 2581 2744 2641; x_wconf 85' lang='lat' dir='ltr'><strong>dominus</strong></span> 
     </span>
     <span class='ocr_line' id='line_1_25' title="bbox 1192 2678 2744 2756; baseline 0.001 -21"><span class='ocrx_word' id='word_1_192' title='bbox 1192 2678 1448 2737; x_wconf 78' lang='lat' dir='ltr'><strong>aedium.</strong></span> <span class='ocrx_word' id='word_1_193' title='bbox 1537 2680 1655 2740; x_wconf 77' lang='lat' dir='ltr'><strong>Cn.</strong></span> <span class='ocrx_word' id='word_1_194' title='bbox 1688 2680 2101 2756; x_wconf 70' lang='lat' dir='ltr'><strong>Antiphonin?</strong></span> <span class='ocrx_word' id='word_1_195' title='bbox 2182 2679 2277 2738; x_wconf 90' lang='grc'><strong>80.</strong></span> <span class='ocrx_word' id='word_1_196' title='bbox 2311 2680 2444 2751; x_wconf 90' lang='lat' dir='ltr'><strong>Em,</strong></span> <span class='ocrx_word' id='word_1_197' title='bbox 2468 2679 2594 2737; x_wconf 88' lang='lat' dir='ltr'><strong>istic</strong></span> <span class='ocrx_word' id='word_1_198' title='bbox 2613 2680 2744 2755; x_wconf 89' lang='lat' dir='ltr'><strong>ipsi.</strong></span> 
     </span>
    </p>

    <p class='ocr_par' dir='ltr' id='par_1_13' title="bbox 566 2775 2734 2952">
     <span class='ocr_line' id='line_1_26' title="bbox 566 2775 2734 2855; baseline -0.001 -19"><span class='ocrx_word' id='word_1_199' title='bbox 566 2777 682 2836; x_wconf 81' lang='lat' dir='ltr'><strong>CH.</strong></span> <span class='ocrx_word' id='word_1_200' title='bbox 721 2776 1037 2855; x_wconf 83' lang='lat' dir='ltr'><strong>(amazed)</strong></span> <span class='ocrx_word' id='word_1_201' title='bbox 1076 2775 1281 2850; x_wconf 83' lang='lat' dir='ltr'><strong>Quid?</strong></span> <span class='ocrx_word' id='word_1_202' title='bbox 1310 2776 1536 2836; x_wconf 75' lang='lat' dir='ltr'><strong>duasne</strong></span> <span class='ocrx_word' id='word_1_203' title='bbox 1568 2798 1781 2838; x_wconf 85' lang='lat' dir='ltr'><strong>uxores</strong></span> <span class='ocrx_word' id='word_1_204' title='bbox 1812 2778 2035 2839; x_wconf 62' lang='lat' dir='ltr'><strong>habet?</strong></span> <span class='ocrx_word' id='word_1_205' title='bbox 2116 2779 2212 2837; x_wconf 89' lang='grc'><strong>80.</strong></span> <span class='ocrx_word' id='word_1_206' title='bbox 2251 2778 2734 2855; x_wconf 77' lang='lat' dir='ltr'><strong>(deprecatzngly)</strong></span> 
     </span>
     <span class='ocr_line' id='line_1_27' title="bbox 1192 2875 2631 2952; baseline 0 -19"><span class='ocrx_word' id='word_1_207' title='bbox 1192 2876 1302 2947; x_wconf 90' lang='lat' dir='ltr'><strong>Au,</strong></span> <span class='ocrx_word' id='word_1_208' title='bbox 1333 2876 1602 2949; x_wconf 87' lang='lat' dir='ltr'><strong>obsecro,</strong></span> <span class='ocrx_word' id='word_1_209' title='bbox 1636 2880 1817 2935; x_wconf 76' lang='lat' dir='ltr'><strong>unam</strong></span> <span class='ocrx_word' id='word_1_210' title='bbox 1845 2877 1942 2936; x_wconf 91' lang='lat' dir='ltr'><strong>ille</strong></span> <span class='ocrx_word' id='word_1_211' title='bbox 1970 2875 2217 2952; x_wconf 91' lang='lat' dir='ltr'><strong>quidem</strong></span> <span class='ocrx_word' id='word_1_212' title='bbox 2245 2876 2399 2934; x_wconf 88' lang='lat' dir='ltr'><strong>hanc</strong></span> <span class='ocrx_word' id='word_1_213' title='bbox 2427 2875 2631 2935; x_wconf 66' lang='lat' dir='ltr'><strong>solam.</strong></span> 
     </span>
    </p>

    <p class='ocr_par' dir='ltr' id='par_1_14' title="bbox 390 2971 2744 3246">
     <span class='ocr_line' id='line_1_28' title="bbox 390 2971 2744 3051; baseline 0.001 -21"><span class='ocrx_word' id='word_1_214' title='bbox 390 2972 506 3031; x_wconf 82' lang='lat'><strong>755</strong></span> <span class='ocrx_word' id='word_1_215' title='bbox 564 2974 680 3033; x_wconf 76' lang='lat' dir='ltr'><strong>Cn.</strong></span> <span class='ocrx_word' id='word_1_216' title='bbox 711 2971 874 3047; x_wconf 92' lang='lat' dir='ltr'><strong>Quid</strong></span> <span class='ocrx_word' id='word_1_217' title='bbox 903 2973 1061 3031; x_wconf 89' lang='lat' dir='ltr'><strong>illam</strong></span> <span class='ocrx_word' id='word_1_218' title='bbox 1091 2973 1334 3031; x_wconf 74' lang='lat' dir='ltr'><strong>alteram</strong></span> <span class='ocrx_word' id='word_1_219' title='bbox 1367 2993 1519 3049; x_wconf 82' lang='lat' dir='ltr'><strong>quae</strong></span> <span class='ocrx_word' id='word_1_220' title='bbox 1552 2975 1765 3033; x_wconf 87' lang='lat' dir='ltr'><strong>dicitur</strong></span> <span class='ocrx_word' id='word_1_221' title='bbox 1794 2976 2088 3051; x_wconf 70' lang='lat' dir='ltr'><strong>cognata?</strong></span> <span class='ocrx_word' id='word_1_222' title='bbox 2167 2975 2268 3035; x_wconf 90' lang='lat' dir='ltr'><strong>So.</strong></span> <span class='ocrx_word' id='word_1_223' title='bbox 2312 2974 2488 3034; x_wconf 90' lang='lat' dir='ltr'><strong>Haec</strong></span> <span class='ocrx_word' id='word_1_224' title='bbox 2525 2983 2744 3049; x_wconf 85' lang='lat' dir='ltr'><strong>ergost.</strong></span> 
     </span>
     <span class='ocr_line' id='line_1_29' title="bbox 1194 3072 1675 3146; baseline 0 -15"><span class='ocrx_word' id='word_1_225' title='bbox 1194 3072 1310 3131; x_wconf 81' lang='lat' dir='ltr'><strong>CH.</strong></span> <span class='ocrx_word' id='word_1_226' title='bbox 1357 3072 1518 3146; x_wconf 91' lang='lat' dir='ltr'><strong>Quid</strong></span> <span class='ocrx_word' id='word_1_227' title='bbox 1548 3077 1633 3131; x_wconf 85' lang='lat' dir='ltr'><strong>ai&#39;s</strong></span> <span class='ocrx_word' id='word_1_228' title='bbox 1647 3075 1675 3131; x_wconf 73' lang='grc' dir='ltr'>Ρ</span> 
     </span>
     <span class='ocr_line' id='line_1_30' title="bbox 580 3165 2653 3246; baseline -0.001 -16"><span class='ocrx_word' id='word_1_229' title='bbox 580 3171 678 3230; x_wconf 93' lang='grc'><strong>80.</strong></span> <span class='ocrx_word' id='word_1_230' title='bbox 708 3170 1063 3245; x_wconf 69' lang='grc' dir='ltr'><strong>(ἶοωρόείῐο</strong></span> <span class='ocrx_word' id='word_1_231' title='bbox 1095 3170 1386 3242; x_wconf 86' lang='lat' dir='ltr'><strong>factumst,</strong></span> <span class='ocrx_word' id='word_1_232' title='bbox 1419 3174 1540 3245; x_wconf 72' lang='lat' dir='ltr'><strong>quo</strong></span> <span class='ocrx_word' id='word_1_233' title='bbox 1570 3168 1756 3230; x_wconf 90' lang='lat' dir='ltr'><strong>modo</strong></span> <span class='ocrx_word' id='word_1_234' title='bbox 1783 3168 1938 3228; x_wconf 84' lang='lat' dir='ltr'><strong>hanc</strong></span> <span class='ocrx_word' id='word_1_235' title='bbox 1966 3173 2172 3230; x_wconf 71' lang='lat' dir='ltr'><strong>amaus</strong></span> <span class='ocrx_word' id='word_1_236' title='bbox 2200 3169 2422 3230; x_wconf 86' lang='lat' dir='ltr'><strong>habere</strong></span> <span class='ocrx_word' id='word_1_237' title='bbox 2450 3165 2653 3246; x_wconf 65' lang='lat' dir='ltr'><strong>pbs&#39;set</strong></span> 
     </span>
    </p>
   </div>
   <div class='ocr_carea' id='block_1_3' title="bbox 709 3266 2917 3425">
    <p class='ocr_par' dir='ltr' id='par_1_15' title="bbox 709 3266 2917 3425">
     <span class='ocr_line' id='line_1_31' title="bbox 709 3266 2917 3345; baseline -0.001 -16"><span class='ocrx_word' id='word_1_238' title='bbox 709 3270 846 3329; x_wconf 88' lang='lat' dir='ltr'><strong>Sine</strong></span> <span class='ocrx_word' id='word_1_239' title='bbox 888 3268 1050 3327; x_wconf 68' lang='lat' dir='ltr'><strong>dcte.</strong></span> <span class='ocrx_word' id='word_1_240' title='bbox 1135 3268 1252 3327; x_wconf 82' lang='lat' dir='ltr'><strong>CH.</strong></span> <span class='ocrx_word' id='word_1_241' title='bbox 1305 3266 1611 3345; x_wconf 76' lang='lat' dir='ltr'><em>(joyfully)</em></span> <span class='ocrx_word' id='word_1_242' title='bbox 1663 3268 1742 3327; x_wconf 92' lang='lat' dir='ltr'><strong>Di</strong></span> <span class='ocrx_word' id='word_1_243' title='bbox 1784 3270 2045 3327; x_wconf 71' lang='lat' dir='ltr'><strong>nostram</strong></span> <span class='ocrx_word' id='word_1_244' title='bbox 2087 3268 2289 3343; x_wconf 91' lang='lat' dir='ltr'><strong>fidem,</strong></span> <span class='ocrx_word' id='word_1_245' title='bbox 2331 3287 2513 3344; x_wconf 85' lang='lat' dir='ltr'><strong>quam</strong></span> <span class='ocrx_word' id='word_1_246' title='bbox 2559 3269 2740 3343; x_wconf 75' lang='lat' dir='ltr'><strong>saepe</strong></span> <span class='ocrx_word' id='word_1_247' title='bbox 2854 3294 2917 3341; x_wconf 75' lang='lat'><strong>30</strong></span> 
     </span>
     <span class='ocr_line' id='line_1_32' title="bbox 1192 3366 1594 3425; baseline 0.005 -2"><span class='ocrx_word' id='word_1_248' title='bbox 1192 3366 1343 3424; x_wconf 88' lang='lat' dir='ltr'><strong>forte</strong></span> <span class='ocrx_word' id='word_1_249' title='bbox 1371 3368 1594 3425; x_wconf 78' lang='lat' dir='ltr'><strong>temere</strong></span> 
     </span>
    </p>
   </div>
   <div class='ocr_carea' id='block_1_4' title="bbox 711 3463 2499 3643">
    <p class='ocr_par' dir='ltr' id='par_1_16' title="bbox 711 3463 2499 3643">
     <span class='ocr_line' id='line_1_33' title="bbox 711 3463 2482 3540; baseline -0.001 -17"><span class='ocrx_word' id='word_1_250' title='bbox 711 3464 1008 3523; x_wconf 80' lang='lat' dir='ltr'><strong>Eueniunt</strong></span> <span class='ocrx_word' id='word_1_251' title='bbox 1034 3482 1187 3539; x_wconf 88' lang='lat' dir='ltr'><strong>quae</strong></span> <span class='ocrx_word' id='word_1_252' title='bbox 1216 3483 1339 3523; x_wconf 90' lang='lat' dir='ltr'><strong>non</strong></span> <span class='ocrx_word' id='word_1_253' title='bbox 1366 3464 1588 3523; x_wconf 75' lang='lat' dir='ltr'><strong>audeas</strong></span> <span class='ocrx_word' id='word_1_254' title='bbox 1618 3466 1824 3540; x_wconf 73' lang='lat' dir='ltr'><strong>optare</strong></span> <span class='ocrx_word' id='word_1_255' title='bbox 1852 3466 1864 3523; x_wconf 72' lang='grc' dir='ltr'><strong>Ξ</strong></span> <span class='ocrx_word' id='word_1_256' title='bbox 1907 3463 2132 3524; x_wconf 86' lang='lat' dir='ltr'><strong>offendi</strong></span> <span class='ocrx_word' id='word_1_257' title='bbox 2159 3463 2482 3522; x_wconf 78' lang='lat' dir='ltr'><strong>adueniens</strong></span> 
     </span>
     <span class='ocr_line' id='line_1_34' title="bbox 712 3561 2499 3643; baseline 0.001 -25"><span class='ocrx_word' id='word_1_258' title='bbox 712 3562 988 3641; x_wconf 77' lang='lat' dir='ltr'><strong>Quocum</strong></span> <span class='ocrx_word' id='word_1_259' title='bbox 1018 3561 1296 3625; x_wconf 83' lang='lat' dir='ltr'><strong>uolebam</strong></span> <span class='ocrx_word' id='word_1_260' title='bbox 1325 3570 1387 3620; x_wconf 91' lang='lat' dir='ltr'><strong>et</strong></span> <span class='ocrx_word' id='word_1_261' title='bbox 1413 3563 1478 3626; x_wconf 67' lang='lat' dir='ltr'><strong>(tt</strong></span> <span class='ocrx_word' id='word_1_262' title='bbox 1504 3561 1779 3628; x_wconf 87' lang='lat' dir='ltr'><strong>uolebam</strong></span> <span class='ocrx_word' id='word_1_263' title='bbox 1809 3561 2184 3626; x_wconf 63' lang='lat' dir='ltr'><strong>conlocatam</strong></span> <span class='ocrx_word' id='word_1_264' title='bbox 2203 3561 2454 3643; x_wconf 79' lang='lat' dir='ltr'><strong>gndtam</strong></span> <span class='ocrx_word' id='word_1_265' title='bbox 2476 3583 2499 3624; x_wconf 83' lang='lat'><strong>.-</strong></span> 
     </span>
    </p>
   </div>
  </div>
 </body>
</html>
