3209 4109
376 193 609 264 iii.1.33.]
1454 190 1816 243 PHORMIO.
2834 194 2897 247 25

379 381 517 456 ις’

376 994 434 1025 20

379 1481 432 1529 25

381 2068 440 2114 30

700 378 872 439 Cedo
900 376 1066 450 dum,
1094 391 1454 450 enumquam
1496 374 1838 433 iniuriarum
1880 371 2094 433 audisti
2134 373 2279 433 mihi
2319 375 2598 451 scriptam
2641 375 2727 435 di·

1021 475 1197 532 cam?

555 577 668 636 GE.
699 557 820 650 Qui
847 574 996 634 istuc
1012 574 1040 631 P
1121 574 1231 630 ΡΗ.
1263 570 1419 645 Quia
1437 588 1562 629 non
1582 572 1710 628 rete
1743 569 2008 644 accipitri
2031 571 2290 628 tennitur
2311 588 2504 645 neque
2529 575 2727 648 milu0,
2771 576 2890 635 330

702 675 821 748 Qui
848 671 1000 729 male
1031 670 1254 728 faciunt
1280 668 1453 728 nobis
1466 666 1489 727 ἐ
1535 667 1646 725 illis
1674 670 1775 743 qui
1803 666 1946 724 nihil
1980 667 2200 725 faciunt
2231 670 2507 751 tenuitur,

698 772 854 845 Quia
881 769 1040 828 enim
1068 768 1128 826 in
1156 768 1267 826 illis
1296 768 1515 825 fructus
1545 774 1653 837 est,
1682 766 1743 823 in
1772 765 1880 823 illis
1911 784 2093 842 opera
2125 766 2367 826 luditur.

698 858 848 927 Aliis
875 866 1111 925 aliunde
1142 869 1231 925 est
1258 866 1564 942 periclum,
1592 864 1754 923 unde
1783 863 2004 941 aliquid
2038 864 2242 924 abradi
2275 877 2509 942 potest:

697 966 850 1025 Mihi
877 966 1069 1025 sciunt
1095 965 1178 1024 nil
1206 967 1354 1023 esse.
1437 964 1602 1047 dices
1632 968 1649 995 ‘
1669 963 1893 1024 ducent
1924 963 2270 1023 damnatum
2305 966 2551 1024 domum
2573 969 2586 994 '
2612 989 2624 1026 :

699 1054 880 1123 Alere
907 1064 1114 1123 nolunt
1142 1063 1454 1122 hominem'
1475 1063 1748 1136 edacem,
1780 1073 1840 1121 et
1868 1063 2101 1139 sapiunt
2133 1084 2269 1124 mea
2298 1066 2609 1138 sententia,
2775 1065 2896 1124 335

700 1164 815 1221 Pro
844 1162 1137 1221 maleficio
1165 1164 1214 1220 si
1242 1162 1598 1221 beneficium
1628 1165 1927 1220 summum
1956 1163 2165 1222 nolunt
2198 1163 2469 1223 reddere.

557 1262 669 1320 GE.
701 1261 842 1318 Non
867 1270 1007 1337 pote
1034 1260 1171 1319 satis
1201 1278 1310 1336 pro
1341 1262 1551 1319 merito
1580 1260 1658 1320 ab
1686 1261 1785 1320 illo
1815 1262 1920 1320 tibi
1949 1260 2152 1320 referri
2184 1262 2389 1338 gratia.

557 1361 667 1417 PH.
698 1342 896 1417 lmmo
925 1359 1085 1417 enim
1114 1377 1293 1417 nemo
1320 1359 1458 1417 satis
1487 1377 1597 1435 pro
1626 1359 1837 1418 merito
1866 1360 2112 1436 gratiam
2145 1364 2266 1436 regi
2295 1360 2491 1419 refert.

699 1458 866 1515 Tene
896 1457 1265 1532 asymbolum
1293 1457 1496 1516 uenire
1524 1468 1771 1516 unctum
1800 1460 1978 1533 atque
2008 1459 2228 1515 lautum
2263 1477 2295 1525 e
2325 1458 2587 1530 balineis,

701 1538 978 1613 Otiosum
1006 1555 1082 1614 ab
1111 1555 1331 1628 animO,
1360 1574 1545 1630 quom
1573 1556 1672 1614 ille
1701 1558 1930 1614 et-cura
1960 1565 2020 1614 et
2048 1566 2285 1631 sumptu
2316 1556 2640 1614 absumitur
2665 1559 2676 1614 ἔ
2772 1554 2892 1613 340

703 1653 865 1710 Dum
893 1652 999 1712 tibi
1028 1653 1094 1711 fit
1122 1652 1286 1727 quod
1316 1653 1567 1729 placeat,
1596 1654 1693 1712 ille
1723 1654 2001 1729 ringitur:
2048 1663 2112 1711 tu
2140 1654 2352 1726 rideas,
2591 1665 2596 1669 ’

704 1751 869 1807 Prior
895 1750 1081 1822 bibas,
1110 1751 1270 1826 prior
1299 1750 1625 1811 decumbas
1645 1772 1663 1825 3
1708 1754 1858 1810 cena
1886 1751 2066 1810 dubia
2095 1750 2430 1827 adponitur.

557 1849 675 1930 GE.
705 1847 867 1921 Quid
908 1847 1058 1906 istuc
1099 1848 1363 1907 uerbist?
1445 1851 1555 1907 ΡΗ.
1583 1833 1702 1908 Vbi
1743 1858 1806 1907 tu
1849 1849 2085 1909 dubites
2128 1848 2270 1924 quid
2314 1867 2510 1907 sumas
2548 1851 2728 1923 potis-

1186 1964 1438 2005 sumum.

704 2043 876 2100 Haec
905 2061 1086 2117 quom
1117 2044 1406 2102 rationem
1448 2047 1612 2103 ineas
1653 2063 1833 2119 quam
1876 2044 1991 2103 sint
2032 2045 2233 2102 suauia
2276 2053 2335 2102 et
2376 2062 2554 2118 quam
2596 2046 2734 2101 cara

1187 2142 1320 2213 sint,

607 2252 610 2256 ’
705 2222 795 2296 Ea
821 2238 924 2312 qui
952 2238 1218 2313 praebet,
1240 2242 1363 2297 non
1390 2248 1454 2297 tu
1483 2239 1642 2297 hunc
1672 2239 1891 2298 habeas
1920 2240 2093 2315 plane
2116 2242 2488 2315 praesentem
2511 2239 2735 2297 deum?
2772 2237 2891 2297 345

560 2336 674 2395 ΟΕ.
714 2335 938 2414 (seeing
961 2337 1249 2394 Dmnpno
1271 2335 1526 2412 coming)
1559 2338 1752 2396 Senex
1772 2338 1941 2396 adest
1966 2360 1977 2396 :
2010 2338 2149 2396 uide
2172 2336 2316 2412 quid
2339 2355 2478 2412 agas
2501 2359 2513 2395 ι
2546 2337 2735 2411 prima

1188 2435 1423 2493 cuitiost
1452 2437 1776 2494 acerruma.
1905 2439 1914 2450 ¹

708 2531 767 2589 Si
795 2534 927 2589 eam
956 2532 1314 2605 sustinueriS,
1344 2533 1580 2609 postilla
1607 2533 1746 2605 iarn,
1775 2537 1841 2591 ut
1868 2533 2049 2606 lubet,
2079 2532 2246 2591 ludas
2274 2533 2431 2592 licet.

1736 2630 1929 2709 (They
1959 2631 2133 2688 retire
2162 2639 2217 2688 to
2245 2631 2391 2688 back
2418 2629 2492 2704 qs
2516 2627 2724 2706 stage.)

1493 2816 1691 2875 SCENE
1738 2834 1790 2875 2.

386 2957 647 3007 DEMIPHO
668 2958 761 3007 has
783 2958 937 3008 taken
960 2975 1072 3008 care
1095 2966 1148 3009 to
1172 2960 1379 3024 provide
1397 2959 1603 3009 himself
1620 2960 1739 3009 with
1757 2960 1899 3009 three
1917 2960 2105 3009 friends
2122 2964 2175 3007 to
2193 2956 2363 3006 advise
2380 2956 2486 3005 him
2503 2956 2555 3004 in
2572 2955 2651 3004 his
2668 2953 2896 3016 dealings

466 3042 588 3090 with
611 3042 888 3091 PHORMIO.
953 3043 1037 3091 He
1056 3043 1344 3106 challenges
1363 3043 1450 3092 the
1468 3043 1615 3092 latter
1634 3043 1685 3091 in
1705 3043 1835 3091 their
1852 3058 2092 3107 presence
2111 3048 2164 3090 to
2180 3055 2333 3105 prove
2350 3040 2645 3088 ANTIPno’s
2662 3038 2895 3086 relation-

466 3123 580 3188 ship
602 3130 656 3173 to
680 3125 767 3173 the
790 3125 898 3188 girl.
968 3126 1224 3174 PHORMIO
1247 3133 1426 3176 retorts
1448 3127 1557 3176 that
1582 3128 1647 3175 he
1672 3126 1763 3175 has
1786 3128 1919 3175 done
1955 3142 2011 3174 so
2046 3125 2246 3187 already
2270 3124 2322 3171 in
2346 3139 2377 3171 a
2410 3128 2552 3185 court
2586 3122 2643 3170 of
2671 3121 2765 3170 law
2774 3142 2788 3182 ;
2831 3122 2897 3170 he

466 3206 658 3258 further
681 3210 884 3269 refuses,
901 3211 1021 3259 with
1044 3227 1074 3259 a
1094 3218 1234 3274 great
1258 3213 1399 3261 show
1417 3213 1476 3261 of
1492 3214 1826 3276 indignation,
1845 3218 1899 3261 to
1923 3219 2101 3275 accept
2126 3211 2430 3259 DEMIPHO’S
2454 3210 2574 3258 offer
2599 3216 2652 3257 to
2676 3225 2775 3273 pay
2791 3209 2897 3256 him

466 3290 554 3339 the
577 3291 713 3354 girl’s
732 3294 906 3356 dowry
928 3310 994 3341 on
1018 3296 1278 3344 condition
1306 3295 1365 3344 of
1393 3296 1471 3345 his
1494 3297 1744 3359 marrying
1766 3297 1857 3345 her
1879 3294 2096 3354 himself,
2121 3296 2222 3343 and
2245 3295 2360 3344 thus
2384 3294 2575 3357 freeing
2599 3295 2863 3342 ΑΝἸῚΡΗΟ.

391 3421 627 3502 [Enter
671 3428 958 3487 DEMIPHO
1000 3430 1145 3488 with
1197 3431 1290 3489 his
1341 3431 1497 3489 three
1525 3430 1791 3503 friends,
1816 3431 1989 3505 from
2034 3431 2283 3502 Forum,
2330 3448 2386 3488 R.
2478 3430 2632 3505 They
2674 3430 2748 3486 do
2799 3436 2907 3486 not

481 3524 715 3583 observe
742 3526 1028 3585 PHORMIO
1056 3529 1190 3585 and
1209 3529 1399 3601 GETA,
1430 3529 1565 3586 who
1594 3529 1658 3586 in
1691 3536 1831 3586 turn
1849 3529 2109 3604 pretend
2130 3536 2309 3585 netto
2338 3546 2427 3586 see
2455 3524 2799 3603 DEM1PH0.]
