3209 4109
393 224 550 291 Prot]

398 1805 453 1880 ’ξ’

396 2780 455 2813 20

1426 720 1874 783 PROLOGVS.

795 893 1120 970 Postquam
1144 890 1329 968 poeta
1355 892 1527 951 uetus
1554 891 1797 967 poetam
1825 894 1951 952 non
1976 900 2175 969 potest

795 990 1121 1051 Retrahere
1151 1007 1188 1048 a
1213 989 1414 1049 studio
1440 998 1502 1049 et
1530 989 1835 1049 transdere
1864 989 2171 1049 hominem
2198 988 2261 1049 in
2290 990 2497 1065 otium,

797 1088 1136 1149 Maledictis
1164 1086 1462 1150 deterrere
1492 1105 1570 1146 ne
1597 1087 1819 1147 scribat
1846 1098 2053 1163 parat3

797 1185 920 1263 Qui
946 1187 1029 1246 ita
1055 1185 1308 1259 dictitat,
1335 1202 1483 1260 quas
1511 1185 1765 1244 antehae
1795 1186 1938 1244 fecit
1966 1185 2207 1258 fibulas»,

794 1284 989 1345 Tenui
1014 1286 1145 1343 esse
1172 1283 1440 1343 oratione
1469 1291 1532 1342 et
1559 1283 1850 1359 scriptura
1874 1283 2029 1343 leui:

797 1381 957 1459 Quia
981 1384 1273 1458 misquam
1301 1380 1574 1440 insanum
1603 1381 1837 1457 scripsit
1864 1380 2373 1441 adulescentulum

796 1481 1055 1543 Ceruium
1082 1478 1288 1540 uidere
1320 1478 1522 1556 fugere
1551 1489 1613 1538 et
1641 1481 1854 1538 sectari
1881 1497 2067 1566 canes

799 1579 880 1639 Et
906 1580 1041 1638 eam
1069 1578 1320 1654 plorare,
1350 1579 1517 1637 orate
1545 1586 1613 1636 ut
1641 1577 1950 1637 subueniat
1978 1576 2109 1637 sibi.

796 1674 982 1753 Quod
1008 1676 1058 1735 si
1084 1674 1469 1752 intellegeret,
1499 1678 1683 1750 quom
1714 1675 1874 1734 stetit
1901 1675 2044 1735 oiim
2070 1693 2248 1749 noua,

798 1772 1036 1834 Actoris
1061 1790 1246 1849 opera
1274 1773 1460 1849 magis
1488 1772 1719 1832 stetisse
1747 1774 1929 1847 quam
1956 1790 2080 1847 sua,

797 1870 1000 1931 Minus
1028 1870 1218 1930 multo
1247 1869 1550 1944 audacter,
1582 1872 1764 1946 quam
1791 1888 1950 1928 nunc
1977 1869 2179 1944 laedit,
2206 1870 2489 1932 laederet.

797 1969 975 2029 Nunc
1003 1971 1050 2027 si
1077 1968 1210 2043 quis
1239 1978 1346 2041 est,
1377 1968 1480 2044 qui
1508 1967 1627 2027 hoc
1656 1967 1817 2027 dicat
1844 1979 1946 2028 aut
1975 1968 2060 2027 sic
2088 1969 2347 2045 cogitet:

800 2070 818 2101 ‘
833 2067 1021 2126 Vetus
1048 2069 1096 2125 si
1124 2065 1306 2142 poeta
1334 2069 1456 2126 non
1487 2065 1816 2126 lacessisset
1844 2065 2023 2142 prior,

797 2164 1041 2225 Nullum
1068 2163 1331 2222 inuenire
1362 2163 1676 2240 prologum
1704 2166 1906 2241 posset
1933 2182 2123 2225 nouos
2142 2166 2196 2224 ἐ

803 2260 1038 2343 [Quem
1065 2260 1313 2334 diceret,
1343 2260 1456 2320 nisi
1484 2260 1732 2321 haberet
1759 2262 1856 2321 cui
1884 2262 2039 2322 male
2066 2262 2295 2322 diceret
2317 2261 2368 2342 ε]

801 2360 864 2420 Is
891 2358 1002 2420 sibi
1029 2376 1379 2436 responsum
1407 2358 1526 2418 hoc
1554 2357 1792 2434 habeat,
1821 2360 1882 2418 in
1910 2359 2114 2419 medio
2141 2360 2417 2419 omnibus

800 2457 1064 2517 Palmam
1091 2458 1222 2515 esse
1251 2455 1527 2533 positam,
1560 2456 1665 2532 qui
1692 2459 1879 2516 artem
1909 2467 2160 2516 tractant
2189 2457 2496 2516 mtisicam.

803 2554 911 2614 Ille
939 2551 1020 2613 ad
1048 2553 1267 2614 samem
1297 2553 1457 2613 hunc
1487 2572 1523 2613 a
1552 2553 1751 2614 studio
1779 2553 2004 2613 studuit
2031 2555 2289 2613 reicere:

803 2652 928 2712 Hic
954 2651 1319 2728 respondere
1350 2651 1559 2727 uoluit,
1587 2670 1712 2712 non
1738 2652 2045 2712 lacessere.

801 2748 1144 2811 Benedictis
1172 2748 1223 2808 si
1252 2752 1556 2824 certasset,
1584 2749 1846 2809 audisset
1873 2749 2064 2810 bene:

756 2931 766 2940 ·
801 2846 986 2923 Quod
1010 2847 1090 2909 ab
1116 2848 1216 2908 illo
1246 2847 1585 2922 adlatumst,
1623 2846 1755 2927 [id]
1789 2848 1899 2908 sibi
1928 2865 2057 2908 esse
2085 2847 2354 2907 rellatum
2383 2854 2570 2923 putet.

801 2946 897 3006 De
924 2945 1025 3006 illo
1053 2946 1172 3005 iam
1201 2946 1384 3007 finem
1413 2946 1628 3005 faciam
1658 2944 1904 3004 dicundi
1932 2943 2097 3019 mihi,

802 3043 1102 3105 Peccandi
1129 3062 1314 3120 quom
1342 3043 1471 3121 ipse
1501 3043 1579 3103 de
1610 3061 1674 3103 se
1702 3043 1883 3102 finem
1913 3045 2036 3102 non
2063 3042 2224 3102 facit.

804 3141 981 3202 Nunc
1008 3142 1153 3218 quid
1182 3142 1363 3203 uelim
1390 3141 1657 3201 animum
1685 3140 2012 3200 attendite:
2058 3139 2314 3216 adporto
2339 3157 2560 3199 nouam

804 3239 1353 3318 Epidicazomenon
1380 3242 1561 3315 quam
1587 3249 1811 3298 uocant
1839 3236 2218 3298 comoediam

805 3337 1038 3411 Graeci,
1070 3337 1263 3398 Latini
1294 3337 1717 3397 Phormionem
1746 3336 2071 3405 nominant,

805 3435 964 3511 Quia
988 3438 1208 3512 primas
1237 3434 1419 3512 partis
1446 3438 1548 3510 qui
1577 3444 1731 3510 aget,
1760 3434 1809 3492 is
1837 3434 1949 3492 erit
1980 3432 2259 3491 Phormio

805 3533 1114 3607 Parasitus,
1142 3549 1251 3609 per
1276 3548 1458 3607 quem
1485 3533 1578 3591 res
1605 3541 1842 3608 geretur
1869 3532 2165 3604 maxume,

2278 3652 2311 3706 7

2836 1774 2911 1832 10

2837 2262 2911 2318 15

2836 2749 2914 2805 20

2837 3236 2913 3292 25
