<?xml version="1.0" encoding="UTF-8"?>
<!DOCTYPE html PUBLIC "-//W3C//DTD XHTML 1.0 Transitional//EN"
    "http://www.w3.org/TR/xhtml1/DTD/xhtml1-transitional.dtd">
<html xmlns="http://www.w3.org/1999/xhtml" xml:lang="en" lang="en">
 <head>
  <title>
</title>
<meta http-equiv="Content-Type" content="text/html;charset=utf-8" />
  <meta name='ocr-system' content='tesseract 3.04.00' />
  <meta name='ocr-capabilities' content='ocr_page ocr_carea ocr_par ocr_line ocrx_word'/>
</head>
<body>
  <div class='ocr_page' id='page_1' title='image "./terencephormioh00teregoog_0037.png"; bbox 0 0 3209 4109; ppageno 0'>
   <div class='ocr_carea' id='block_1_1' title="bbox 441 277 2952 343">
    <p class='ocr_par' dir='ltr' id='par_1_1' title="bbox 441 277 2952 343">
     <span class='ocr_line' id='line_1_1' title="bbox 441 277 2952 343; baseline 0.001 -16"><span class='ocrx_word' id='word_1_1' title='bbox 441 278 672 343; x_wconf 73' lang='lat' dir='ltr'>m.6.17.]</span> <span class='ocrx_word' id='word_1_2' title='bbox 1518 277 1879 326; x_wconf 76' lang='lat' dir='ltr'><em>PHORMJO.</em></span> <span class='ocrx_word' id='word_1_3' title='bbox 2888 278 2952 330; x_wconf 86' lang='lat'>35</span> 
     </span>
    </p>
   </div>
   <div class='ocr_carea' id='block_1_2' title="bbox 1550 459 1845 518">
    <p class='ocr_par' dir='ltr' id='par_1_2' title="bbox 1550 459 1845 518">
     <span class='ocr_line' id='line_1_2' title="bbox 1550 459 1845 518; baseline -0.003 0"><span class='ocrx_word' id='word_1_4' title='bbox 1550 459 1747 518; x_wconf 81' lang='lat' dir='ltr'><strong>SCENE</strong></span> <span class='ocrx_word' id='word_1_5' title='bbox 1788 461 1845 518; x_wconf 88' lang='lat'>6.</span> 
     </span>
    </p>
   </div>
   <div class='ocr_carea' id='block_1_3' title="bbox 445 606 2951 755">
    <p class='ocr_par' dir='ltr' id='par_1_3' title="bbox 445 606 2951 755">
     <span class='ocr_line' id='line_1_3' title="bbox 445 606 2951 673; baseline 0.001 -18"><span class='ocrx_word' id='word_1_6' title='bbox 445 608 733 656; x_wconf 74' lang='lat' dir='ltr'>PHAEDRIA</span> <span class='ocrx_word' id='word_1_7' title='bbox 754 606 958 656; x_wconf 81' lang='lat' dir='ltr'>bewails</span> <span class='ocrx_word' id='word_1_8' title='bbox 980 607 1059 656; x_wconf 89' lang='lat' dir='ltr'>his</span> <span class='ocrx_word' id='word_1_9' title='bbox 1080 607 1207 656; x_wconf 87' lang='lat' dir='ltr'>hard</span> <span class='ocrx_word' id='word_1_10' title='bbox 1229 606 1302 655; x_wconf 90' lang='lat' dir='ltr'>lot</span> <span class='ocrx_word' id='word_1_11' title='bbox 1309 624 1324 667; x_wconf 91' lang='lat'>;</span> <span class='ocrx_word' id='word_1_12' title='bbox 1367 607 1676 671; x_wconf 83' lang='lat' dir='ltr'>whereupon</span> <span class='ocrx_word' id='word_1_13' title='bbox 1704 606 1853 655; x_wconf 80' lang='grc' dir='ltr'><strong>ΟΕΤΑ</strong></span> <span class='ocrx_word' id='word_1_14' title='bbox 1886 606 2140 671; x_wconf 86' lang='lat' dir='ltr'>promises,</span> <span class='ocrx_word' id='word_1_15' title='bbox 2163 607 2284 656; x_wconf 86' lang='lat' dir='ltr'>with</span> <span class='ocrx_word' id='word_1_16' title='bbox 2318 607 2405 656; x_wconf 85' lang='lat' dir='ltr'>the</span> <span class='ocrx_word' id='word_1_17' title='bbox 2439 606 2559 673; x_wconf 89' lang='lat' dir='ltr'><strong>help</strong></span> <span class='ocrx_word' id='word_1_18' title='bbox 2589 607 2649 657; x_wconf 84' lang='lat' dir='ltr'>of</span> <span class='ocrx_word' id='word_1_19' title='bbox 2676 608 2951 669; x_wconf 82' lang='lat' dir='ltr'>PHORMIO,</span> 
     </span>
     <span class='ocr_line' id='line_1_4' title="bbox 525 689 2273 755; baseline 0 -16"><span class='ocrx_word' id='word_1_20' title='bbox 525 695 579 739; x_wconf 90' lang='lat' dir='ltr'>to</span> <span class='ocrx_word' id='word_1_21' title='bbox 602 689 731 739; x_wconf 83' lang='lat' dir='ltr'>raise</span> <span class='ocrx_word' id='word_1_22' title='bbox 756 690 832 739; x_wconf 83' lang='lat' dir='ltr'>for</span> <span class='ocrx_word' id='word_1_23' title='bbox 855 690 960 739; x_wconf 86' lang='lat' dir='ltr'>him</span> <span class='ocrx_word' id='word_1_24' title='bbox 983 690 1070 739; x_wconf 87' lang='lat' dir='ltr'>the</span> <span class='ocrx_word' id='word_1_25' title='bbox 1092 695 1302 739; x_wconf 85' lang='lat' dir='ltr'>amount</span> <span class='ocrx_word' id='word_1_26' title='bbox 1323 689 1388 738; x_wconf 92' lang='lat' dir='ltr'>he</span> <span class='ocrx_word' id='word_1_27' title='bbox 1411 690 1648 755; x_wconf 88' lang='lat' dir='ltr'>requires,</span> <span class='ocrx_word' id='word_1_28' title='bbox 1672 690 1885 753; x_wconf 87' lang='lat' dir='ltr'>namely‚</span> <span class='ocrx_word' id='word_1_29' title='bbox 1910 690 2061 753; x_wconf 86' lang='lat' dir='ltr'>thirty</span> <span class='ocrx_word' id='word_1_30' title='bbox 2084 690 2273 739; x_wconf 81' lang='lat' dir='ltr'>minae.</span> 
     </span>
    </p>
   </div>
   <div class='ocr_carea' id='block_1_4' title="bbox 978 832 2417 978">
    <p class='ocr_par' dir='ltr' id='par_1_4' title="bbox 978 832 2417 978">
     <span class='ocr_line' id='line_1_5' title="bbox 988 832 2417 891; baseline 0.001 -1"><span class='ocrx_word' id='word_1_31' title='bbox 988 833 1380 891; x_wconf 69' lang='grc' dir='ltr'><strong>ΡΗΑΕΒΕΙΑ</strong></span> <span class='ocrx_word' id='word_1_32' title='bbox 1623 832 1968 890; x_wconf 82' lang='lat' dir='ltr'>ANTIPHO</span> <span class='ocrx_word' id='word_1_33' title='bbox 2209 832 2417 891; x_wconf 80' lang='grc' dir='ltr'><strong>ΟΕΤΑ</strong></span> 
     </span>
     <span class='ocr_line' id='line_1_6' title="bbox 978 939 2411 978; baseline -0.001 -1"><span class='ocrx_word' id='word_1_34' title='bbox 978 939 1387 978; x_wconf 77' lang='lat' dir='ltr'>ADVLESCENTES</span> <span class='ocrx_word' id='word_1_35' title='bbox 1762 940 1804 977; x_wconf 91' lang='lat'>11</span> <span class='ocrx_word' id='word_1_36' title='bbox 2216 940 2411 977; x_wconf 84' lang='lat' dir='ltr'>SERVOS</span> 
     </span>
    </p>
   </div>
   <div class='ocr_carea' id='block_1_5' title="bbox 443 1045 2957 3653">
    <p class='ocr_par' dir='ltr' id='par_1_5' title="bbox 443 1045 2957 3653">
     <span class='ocr_line' id='line_1_7' title="bbox 446 1045 2792 1125; baseline 0.001 -22"><span class='ocrx_word' id='word_1_37' title='bbox 446 1047 542 1104; x_wconf 96' lang='lat' dir='ltr'>III</span> <span class='ocrx_word' id='word_1_38' title='bbox 561 1073 589 1119; x_wconf 89' lang='lat'>3</span> <span class='ocrx_word' id='word_1_39' title='bbox 628 1048 739 1105; x_wconf 86' lang='grc' dir='ltr'>ΡΗ.</span> <span class='ocrx_word' id='word_1_40' title='bbox 778 1046 873 1125; x_wconf 83' lang='lat' dir='ltr'>(in</span> <span class='ocrx_word' id='word_1_41' title='bbox 902 1045 1169 1124; x_wconf 81' lang='lat' dir='ltr'><em>despair)</em></span> <span class='ocrx_word' id='word_1_42' title='bbox 1207 1045 1370 1121; x_wconf 83' lang='lat' dir='ltr'>Quid</span> <span class='ocrx_word' id='word_1_43' title='bbox 1399 1046 1655 1105; x_wconf 82' lang='lat' dir='ltr'>faciam?</span> <span class='ocrx_word' id='word_1_44' title='bbox 1694 1045 1855 1105; x_wconf 87' lang='lat' dir='ltr'>unde</span> <span class='ocrx_word' id='word_1_45' title='bbox 1898 1064 2011 1122; x_wconf 88' lang='lat' dir='ltr'>ego</span> <span class='ocrx_word' id='word_1_46' title='bbox 2053 1049 2211 1105; x_wconf 83' lang='lat' dir='ltr'>nunc</span> <span class='ocrx_word' id='word_1_47' title='bbox 2252 1055 2375 1104; x_wconf 90' lang='lat' dir='ltr'>tam</span> <span class='ocrx_word' id='word_1_48' title='bbox 2418 1047 2612 1105; x_wconf 87' lang='lat' dir='ltr'>subito</span> <span class='ocrx_word' id='word_1_49' title='bbox 2654 1047 2792 1105; x_wconf 90' lang='lat' dir='ltr'>huic</span> 
     </span>
     <span class='ocr_line' id='line_1_8' title="bbox 1248 1144 2107 1220; baseline 0 -18"><span class='ocrx_word' id='word_1_50' title='bbox 1248 1146 1554 1220; x_wconf 61' lang='lat' dir='ltr'>Argentum</span> <span class='ocrx_word' id='word_1_51' title='bbox 1586 1144 1885 1203; x_wconf 74' lang='lat' dir='ltr'>inueniam</span> <span class='ocrx_word' id='word_1_52' title='bbox 1913 1144 2107 1217; x_wconf 89' lang='lat' dir='ltr'>miser,</span> 
     </span>
     <span class='ocr_line' id='line_1_9' title="bbox 765 1242 2954 1318; baseline 0 -17"><span class='ocrx_word' id='word_1_53' title='bbox 765 1242 924 1316; x_wconf 83' lang='lat' dir='ltr'>Quoi</span> <span class='ocrx_word' id='word_1_54' title='bbox 953 1242 1144 1301; x_wconf 89' lang='lat' dir='ltr'>minus</span> <span class='ocrx_word' id='word_1_55' title='bbox 1173 1242 1454 1301; x_wconf 84' lang='lat' dir='ltr'>nihilost?</span> <span class='ocrx_word' id='word_1_56' title='bbox 1493 1242 1677 1317; x_wconf 65' lang='lat' dir='ltr'>quod,</span> <span class='ocrx_word' id='word_1_57' title='bbox 1706 1242 1803 1300; x_wconf 90' lang='lat' dir='ltr'>hic</span> <span class='ocrx_word' id='word_1_58' title='bbox 1833 1242 1882 1300; x_wconf 92' lang='lat' dir='ltr'>si</span> <span class='ocrx_word' id='word_1_59' title='bbox 1908 1251 2051 1318; x_wconf 92' lang='lat' dir='ltr'>pote</span> <span class='ocrx_word' id='word_1_60' title='bbox 2080 1242 2282 1301; x_wconf 88' lang='lat' dir='ltr'>fuisset</span> <span class='ocrx_word' id='word_1_61' title='bbox 2309 1243 2604 1301; x_wconf 73' lang='lat' dir='ltr'>exorarier</span> <span class='ocrx_word' id='word_1_62' title='bbox 2834 1242 2954 1302; x_wconf 88' lang='lat'>535</span> 
     </span>
     <span class='ocr_line' id='line_1_10' title="bbox 764 1324 2789 1427; baseline 0.001 -29"><span class='ocrx_word' id='word_1_63' title='bbox 764 1339 1051 1398; x_wconf 84' lang='lat' dir='ltr'>Triduom</span> <span class='ocrx_word' id='word_1_64' title='bbox 1078 1339 1212 1412; x_wconf 89' lang='lat' dir='ltr'>hoc,</span> <span class='ocrx_word' id='word_1_65' title='bbox 1243 1342 1595 1414; x_wconf 82' lang='lat' dir='ltr'>promissum</span> <span class='ocrx_word' id='word_1_66' title='bbox 1625 1339 1830 1398; x_wconf 90' lang='lat' dir='ltr'>fuerat.</span> <span class='ocrx_word' id='word_1_67' title='bbox 1898 1341 2032 1427; x_wconf 64' lang='lat' dir='ltr'>AN.</span> <span class='ocrx_word' id='word_1_68' title='bbox 2073 1324 2243 1398; x_wconf 77' lang='lat' dir='ltr'>1tane</span> <span class='ocrx_word' id='word_1_69' title='bbox 2277 1339 2439 1399; x_wconf 91' lang='lat' dir='ltr'>hunc</span> <span class='ocrx_word' id='word_1_70' title='bbox 2477 1341 2789 1416; x_wconf 83' lang='lat' dir='ltr'>patiemur,</span> 
     </span>
     <span class='ocr_line' id='line_1_11' title="bbox 1247 1438 1420 1510; baseline -0.012 -13"><span class='ocrx_word' id='word_1_71' title='bbox 1247 1438 1420 1510; x_wconf 89' lang='lat' dir='ltr'>Geta,</span> 
     </span>
     <span class='ocr_line' id='line_1_12' title="bbox 765 1534 2674 1611; baseline 0.001 -17"><span class='ocrx_word' id='word_1_72' title='bbox 765 1535 920 1594; x_wconf 83' lang='lat' dir='ltr'><strong>Fieri</strong></span> <span class='ocrx_word' id='word_1_73' title='bbox 949 1534 1246 1608; x_wconf 89' lang='lat' dir='ltr'>miserum,</span> <span class='ocrx_word' id='word_1_74' title='bbox 1276 1538 1379 1611; x_wconf 91' lang='lat' dir='ltr'>qui</span> <span class='ocrx_word' id='word_1_75' title='bbox 1407 1554 1503 1594; x_wconf 88' lang='lat' dir='ltr'>me</span> <span class='ocrx_word' id='word_1_76' title='bbox 1532 1534 1782 1609; x_wconf 88' lang='lat' dir='ltr'>dudum,</span> <span class='ocrx_word' id='word_1_77' title='bbox 1811 1544 1877 1596; x_wconf 87' lang='lat' dir='ltr'>ut</span> <span class='ocrx_word' id='word_1_78' title='bbox 1905 1535 2069 1607; x_wconf 84' lang='lat' dir='ltr'>dixti,</span> <span class='ocrx_word' id='word_1_79' title='bbox 2101 1535 2351 1595; x_wconf 88' lang='lat' dir='ltr'>adiuerit</span> <span class='ocrx_word' id='word_1_80' title='bbox 2379 1536 2674 1595; x_wconf 70' lang='lat' dir='ltr'>comiter?</span> 
     </span>
     <span class='ocr_line' id='line_1_13' title="bbox 443 1632 2798 1709; baseline 0.002 -19"><span class='ocrx_word' id='word_1_81' title='bbox 443 1657 468 1706; x_wconf 81' lang='lat'><strong>5</strong></span> <span class='ocrx_word' id='word_1_82' title='bbox 767 1633 929 1707; x_wconf 90' lang='lat' dir='ltr'>Quin</span> <span class='ocrx_word' id='word_1_83' title='bbox 956 1651 1140 1708; x_wconf 90' lang='lat' dir='ltr'>quom</span> <span class='ocrx_word' id='word_1_84' title='bbox 1170 1643 1363 1709; x_wconf 88' lang='lat' dir='ltr'>opust,</span> <span class='ocrx_word' id='word_1_85' title='bbox 1386 1634 1745 1692; x_wconf 87' lang='lat' dir='ltr'>beneficium</span> <span class='ocrx_word' id='word_1_86' title='bbox 1773 1652 2001 1692; x_wconf 86' lang='lat' dir='ltr'>rursum</span> <span class='ocrx_word' id='word_1_87' title='bbox 2031 1637 2087 1691; x_wconf 85' lang='lat' dir='ltr'>e&#39;1&#39;</span> <span class='ocrx_word' id='word_1_88' title='bbox 2107 1634 2479 1708; x_wconf 81' lang='lat' dir='ltr'>experiemur</span> <span class='ocrx_word' id='word_1_89' title='bbox 2501 1632 2798 1694; x_wconf 75' lang='lat' dir='ltr'>reddere?</span> 
     </span>
     <span class='ocr_line' id='line_1_14' title="bbox 620 1729 2791 1806; baseline 0 -16"><span class='ocrx_word' id='word_1_90' title='bbox 620 1732 733 1791; x_wconf 91' lang='grc' dir='ltr'>ΟΕ.</span> <span class='ocrx_word' id='word_1_91' title='bbox 763 1731 898 1789; x_wconf 82' lang='lat' dir='ltr'>Scio</span> <span class='ocrx_word' id='word_1_92' title='bbox 927 1729 1208 1806; x_wconf 87' lang='lat' dir='ltr'>equidem</span> <span class='ocrx_word' id='word_1_93' title='bbox 1236 1731 1353 1789; x_wconf 90' lang='lat' dir='ltr'>hoc</span> <span class='ocrx_word' id='word_1_94' title='bbox 1382 1749 1511 1790; x_wconf 90' lang='lat' dir='ltr'>esse</span> <span class='ocrx_word' id='word_1_95' title='bbox 1542 1733 1817 1805; x_wconf 79' lang='lat' dir='ltr'>aequom.</span> <span class='ocrx_word' id='word_1_96' title='bbox 1899 1732 2015 1789; x_wconf 88' lang='lat' dir='ltr'>AN.</span> <span class='ocrx_word' id='word_1_97' title='bbox 2044 1732 2171 1806; x_wconf 88' lang='lat' dir='ltr'>Age</span> <span class='ocrx_word' id='word_1_98' title='bbox 2193 1748 2354 1806; x_wconf 88' lang='lat' dir='ltr'>erg0,</span> <span class='ocrx_word' id='word_1_99' title='bbox 2377 1731 2533 1790; x_wconf 69' lang='lat' dir='ltr'>solus</span> <span class='ocrx_word' id='word_1_100' title='bbox 2556 1750 2791 1791; x_wconf 87' lang='lat' dir='ltr'>seruare</span> 
     </span>
     <span class='ocr_line' id='line_1_15' title="bbox 1246 1829 1624 1904; baseline 0 -18"><span class='ocrx_word' id='word_1_101' title='bbox 1246 1829 1404 1887; x_wconf 79' lang='lat' dir='ltr'>hunc</span> <span class='ocrx_word' id='word_1_102' title='bbox 1432 1838 1624 1904; x_wconf 87' lang='lat' dir='ltr'>potes.</span> 
     </span>
     <span class='ocr_line' id='line_1_16' title="bbox 621 1925 2954 2002; baseline 0 -16"><span class='ocrx_word' id='word_1_103' title='bbox 621 1927 730 1986; x_wconf 92' lang='grc' dir='ltr'>ΟΕ.</span> <span class='ocrx_word' id='word_1_104' title='bbox 764 1925 927 2001; x_wconf 86' lang='lat' dir='ltr'>Quid</span> <span class='ocrx_word' id='word_1_105' title='bbox 954 1926 1210 1985; x_wconf 82' lang='lat' dir='ltr'>faciam?</span> <span class='ocrx_word' id='word_1_106' title='bbox 1289 1927 1402 1984; x_wconf 84' lang='lat' dir='ltr'>AN.</span> <span class='ocrx_word' id='word_1_107' title='bbox 1448 1927 1726 1984; x_wconf 74' lang='lat' dir='ltr'>Inuenias</span> <span class='ocrx_word' id='word_1_108' title='bbox 1755 1936 2083 2001; x_wconf 89' lang='lat' dir='ltr'>argentum.</span> <span class='ocrx_word' id='word_1_109' title='bbox 2167 1928 2281 1986; x_wconf 83' lang='lat' dir='ltr'>GE.</span> <span class='ocrx_word' id='word_1_110' title='bbox 2324 1927 2559 2002; x_wconf 75' lang='lat' dir='ltr'>Cupi03</span> <span class='ocrx_word' id='word_1_111' title='bbox 2595 1927 2702 1986; x_wconf 90' lang='lat' dir='ltr'>sed</span> <span class='ocrx_word' id='word_1_112' title='bbox 2729 1926 2794 1986; x_wconf 89' lang='lat' dir='ltr'>id</span> <span class='ocrx_word' id='word_1_113' title='bbox 2835 1926 2954 1986; x_wconf 86' lang='lat'>540</span> 
     </span>
     <span class='ocr_line' id='line_1_17' title="bbox 1247 2022 1665 2096; baseline 0.002 -15"><span class='ocrx_word' id='word_1_114' title='bbox 1247 2023 1424 2096; x_wconf 86' lang='lat' dir='ltr'>unde,</span> <span class='ocrx_word' id='word_1_115' title='bbox 1455 2022 1665 2082; x_wconf 78' lang='lat' dir='ltr'>edoce.</span> 
     </span>
     <span class='ocr_line' id='line_1_18' title="bbox 620 2120 2792 2197; baseline 0 -19"><span class='ocrx_word' id='word_1_116' title='bbox 620 2122 734 2179; x_wconf 83' lang='lat' dir='ltr'>AN.</span> <span class='ocrx_word' id='word_1_117' title='bbox 765 2123 936 2180; x_wconf 73' lang='lat' dir='ltr'>Pater</span> <span class='ocrx_word' id='word_1_118' title='bbox 956 2120 1124 2179; x_wconf 89' lang='lat' dir='ltr'>adest</span> <span class='ocrx_word' id='word_1_119' title='bbox 1146 2121 1260 2179; x_wconf 88' lang='lat' dir='ltr'>hie.</span> <span class='ocrx_word' id='word_1_120' title='bbox 1345 2123 1456 2181; x_wconf 90' lang='grc' dir='ltr'>ΟΕ.</span> <span class='ocrx_word' id='word_1_121' title='bbox 1499 2123 1635 2181; x_wconf 85' lang='lat' dir='ltr'>Scio</span> <span class='ocrx_word' id='word_1_122' title='bbox 1655 2142 1674 2195; x_wconf 80' lang='lat'>3</span> <span class='ocrx_word' id='word_1_123' title='bbox 1713 2121 1820 2180; x_wconf 89' lang='lat' dir='ltr'>sed</span> <span class='ocrx_word' id='word_1_124' title='bbox 1850 2120 1994 2197; x_wconf 92' lang='lat' dir='ltr'>quid</span> <span class='ocrx_word' id='word_1_125' title='bbox 2024 2123 2192 2180; x_wconf 89' lang='lat' dir='ltr'>tum?</span> <span class='ocrx_word' id='word_1_126' title='bbox 2270 2124 2385 2180; x_wconf 84' lang='lat' dir='ltr'>AN.</span> <span class='ocrx_word' id='word_1_127' title='bbox 2429 2122 2540 2194; x_wconf 92' lang='lat' dir='ltr'>Ah,</span> <span class='ocrx_word' id='word_1_128' title='bbox 2564 2121 2792 2180; x_wconf 87' lang='lat' dir='ltr'>dictum</span> 
     </span>
     <span class='ocr_line' id='line_1_19' title="bbox 1245 2219 1751 2295; baseline 0 -18"><span class='ocrx_word' id='word_1_129' title='bbox 1245 2219 1498 2295; x_wconf 82' lang='lat' dir='ltr'>sapienti</span> <span class='ocrx_word' id='word_1_130' title='bbox 1526 2229 1614 2277; x_wconf 89' lang='lat' dir='ltr'>sat</span> <span class='ocrx_word' id='word_1_131' title='bbox 1642 2228 1751 2277; x_wconf 87' lang='lat' dir='ltr'>est.</span> 
     </span>
     <span class='ocr_line' id='line_1_20' title="bbox 623 2300 2795 2406; baseline 0 -32"><span class='ocrx_word' id='word_1_132' title='bbox 623 2317 735 2375; x_wconf 87' lang='grc' dir='ltr'>ΟΕ.</span> <span class='ocrx_word' id='word_1_133' title='bbox 767 2300 936 2375; x_wconf 61' lang='lat' dir='ltr'>itane</span> <span class='ocrx_word' id='word_1_134' title='bbox 952 2318 980 2375; x_wconf 75' lang='grc' dir='ltr'><strong>Ρ</strong></span> <span class='ocrx_word' id='word_1_135' title='bbox 1059 2319 1175 2376; x_wconf 88' lang='grc' dir='ltr'>ΑΝ.</span> <span class='ocrx_word' id='word_1_136' title='bbox 1220 2317 1330 2375; x_wconf 88' lang='lat' dir='ltr'>Ita.</span> <span class='ocrx_word' id='word_1_137' title='bbox 1415 2318 1528 2376; x_wconf 90' lang='grc' dir='ltr'>ΟΕ.</span> <span class='ocrx_word' id='word_1_138' title='bbox 1571 2318 1723 2406; x_wconf 41' lang='lat' dir='ltr'>Sane</span> <span class='ocrx_word' id='word_1_139' title='bbox 1772 2316 1968 2375; x_wconf 78' lang='lat' dir='ltr'>hercle</span> <span class='ocrx_word' id='word_1_140' title='bbox 2019 2317 2263 2393; x_wconf 85' lang='lat' dir='ltr'>pulchre</span> <span class='ocrx_word' id='word_1_141' title='bbox 2313 2316 2523 2376; x_wconf 73' lang='lat' dir='ltr'>suacles</span> <span class='ocrx_word' id='word_1_142' title='bbox 2548 2338 2561 2375; x_wconf 90' lang='lat'>:</span> <span class='ocrx_word' id='word_1_143' title='bbox 2614 2317 2795 2375; x_wconf 91' lang='lat' dir='ltr'>etiam</span> 
     </span>
     <span class='ocr_line' id='line_1_21' title="bbox 1247 2415 1673 2473; baseline 0 -1"><span class='ocrx_word' id='word_1_144' title='bbox 1247 2424 1309 2472; x_wconf 92' lang='lat' dir='ltr'>tu</span> <span class='ocrx_word' id='word_1_145' title='bbox 1338 2415 1475 2472; x_wconf 90' lang='lat' dir='ltr'>hinc</span> <span class='ocrx_word' id='word_1_146' title='bbox 1504 2415 1673 2473; x_wconf 81' lang='lat' dir='ltr'>abis?</span> 
     </span>
     <span class='ocr_line' id='line_1_22' title="bbox 443 2512 2459 2588; baseline 0 -19"><span class='ocrx_word' id='word_1_147' title='bbox 443 2538 501 2569; x_wconf 89' lang='lat'>10</span> <span class='ocrx_word' id='word_1_148' title='bbox 765 2512 906 2572; x_wconf 71' lang='lat' dir='ltr'>an</span> <span class='ocrx_word' id='word_1_149' title='bbox 934 2512 1252 2588; x_wconf 88' lang='lat' dir='ltr'>triumpho,</span> <span class='ocrx_word' id='word_1_150' title='bbox 1284 2530 1359 2570; x_wconf 88' lang='lat' dir='ltr'>ex</span> <span class='ocrx_word' id='word_1_151' title='bbox 1386 2512 1604 2587; x_wconf 78' lang='lat' dir='ltr'>nuptiis</span> <span class='ocrx_word' id='word_1_152' title='bbox 1635 2513 1749 2571; x_wconf 91' lang='lat' dir='ltr'>tuis</span> <span class='ocrx_word' id='word_1_153' title='bbox 1779 2515 1827 2571; x_wconf 90' lang='lat' dir='ltr'>si</span> <span class='ocrx_word' id='word_1_154' title='bbox 1853 2512 1934 2571; x_wconf 90' lang='lat' dir='ltr'>nil</span> <span class='ocrx_word' id='word_1_155' title='bbox 1962 2512 2276 2571; x_wconf 68' lang='lat' dir='ltr'>nanciscor</span> <span class='ocrx_word' id='word_1_156' title='bbox 2302 2512 2459 2585; x_wconf 89' lang='lat' dir='ltr'>mali,</span> 
     </span>
     <span class='ocr_line' id='line_1_23' title="bbox 768 2609 2796 2685; baseline 0 -18"><span class='ocrx_word' id='word_1_157' title='bbox 768 2609 847 2667; x_wconf 90' lang='lat' dir='ltr'>Ni</span> <span class='ocrx_word' id='word_1_158' title='bbox 865 2609 1044 2667; x_wconf 80' lang='lat' dir='ltr'>etiam</span> <span class='ocrx_word' id='word_1_159' title='bbox 1062 2628 1220 2668; x_wconf 90' lang='lat' dir='ltr'>nunc</span> <span class='ocrx_word' id='word_1_160' title='bbox 1241 2628 1336 2668; x_wconf 92' lang='lat' dir='ltr'>me</span> <span class='ocrx_word' id='word_1_161' title='bbox 1355 2609 1524 2668; x_wconf 86' lang='lat' dir='ltr'>huius</span> <span class='ocrx_word' id='word_1_162' title='bbox 1543 2615 1723 2668; x_wconf 80' lang='lat' dir='ltr'>causa</span> <span class='ocrx_word' id='word_1_163' title='bbox 1740 2627 2020 2685; x_wconf 70' lang='lat' dir='ltr'>quaerere</span> <span class='ocrx_word' id='word_1_164' title='bbox 2040 2613 2100 2667; x_wconf 90' lang='lat' dir='ltr'>in</span> <span class='ocrx_word' id='word_1_165' title='bbox 2118 2609 2275 2668; x_wconf 90' lang='lat' dir='ltr'>malo</span> <span class='ocrx_word' id='word_1_166' title='bbox 2292 2609 2495 2668; x_wconf 74' lang='lat' dir='ltr'>iubeas</span> <span class='ocrx_word' id='word_1_167' title='bbox 2513 2629 2751 2669; x_wconf 86' lang='lat' dir='ltr'>crucem</span> <span class='ocrx_word' id='word_1_168' title='bbox 2768 2612 2796 2668; x_wconf 88' lang='lat'>?</span> 
     </span>
     <span class='ocr_line' id='line_1_24' title="bbox 618 2706 2957 2783; baseline 0 -18"><span class='ocrx_word' id='word_1_169' title='bbox 618 2708 733 2765; x_wconf 85' lang='grc' dir='ltr'>ΑΝ.</span> <span class='ocrx_word' id='word_1_170' title='bbox 761 2707 981 2765; x_wconf 77' lang='lat' dir='ltr'>Verum</span> <span class='ocrx_word' id='word_1_171' title='bbox 1010 2706 1108 2764; x_wconf 86' lang='lat' dir='ltr'>hic</span> <span class='ocrx_word' id='word_1_172' title='bbox 1136 2707 1300 2766; x_wconf 92' lang='lat' dir='ltr'>dicit.</span> <span class='ocrx_word' id='word_1_173' title='bbox 1386 2709 1496 2766; x_wconf 84' lang='grc' dir='ltr'>ΡΗ.</span> <span class='ocrx_word' id='word_1_174' title='bbox 1541 2706 1747 2782; x_wconf 83' lang='lat' dir='ltr'>Quid?</span> <span class='ocrx_word' id='word_1_175' title='bbox 1789 2725 1900 2783; x_wconf 89' lang='lat' dir='ltr'>ego</span> <span class='ocrx_word' id='word_1_176' title='bbox 1939 2706 2126 2779; x_wconf 89' lang='lat' dir='ltr'>uobis,</span> <span class='ocrx_word' id='word_1_177' title='bbox 2159 2708 2331 2780; x_wconf 76' lang='lat' dir='ltr'>Geta,</span> <span class='ocrx_word' id='word_1_178' title='bbox 2362 2707 2582 2766; x_wconf 88' lang='lat' dir='ltr'>alienus</span> <span class='ocrx_word' id='word_1_179' title='bbox 2625 2709 2797 2766; x_wconf 89' lang='lat' dir='ltr'>sum?</span> <span class='ocrx_word' id='word_1_180' title='bbox 2836 2706 2957 2765; x_wconf 85' lang='lat'>545</span> 
     </span>
     <span class='ocr_line' id='line_1_25' title="bbox 1246 2805 1808 2880; baseline -0.002 -16"><span class='ocrx_word' id='word_1_181' title='bbox 1246 2806 1358 2864; x_wconf 91' lang='grc' dir='ltr'>ΟΕ.</span> <span class='ocrx_word' id='word_1_182' title='bbox 1403 2805 1590 2864; x_wconf 81' lang='lat' dir='ltr'>Haud</span> <span class='ocrx_word' id='word_1_183' title='bbox 1621 2815 1808 2880; x_wconf 79' lang='lat' dir='ltr'>put03</span> 
     </span>
     <span class='ocr_line' id='line_1_26' title="bbox 765 2902 2793 2988; baseline -0 -26"><span class='ocrx_word' id='word_1_184' title='bbox 765 2902 884 2962; x_wconf 76' lang='lat' dir='ltr'>Sed</span> <span class='ocrx_word' id='word_1_185' title='bbox 910 2920 1196 2978; x_wconf 86' lang='lat' dir='ltr'>parumne</span> <span class='ocrx_word' id='word_1_186' title='bbox 1226 2912 1333 2975; x_wconf 87' lang='lat' dir='ltr'>est,</span> <span class='ocrx_word' id='word_1_187' title='bbox 1364 2902 1528 2978; x_wconf 91' lang='lat' dir='ltr'>quod</span> <span class='ocrx_word' id='word_1_188' title='bbox 1559 2904 1835 2988; x_wconf 54' lang='lat' dir='ltr'>omnibus</span> <span class='ocrx_word' id='word_1_189' title='bbox 1861 2922 2020 2961; x_wconf 91' lang='lat' dir='ltr'>nunc</span> <span class='ocrx_word' id='word_1_190' title='bbox 2045 2903 2220 2964; x_wconf 65' lang='lat' dir='ltr'>nobis</span> <span class='ocrx_word' id='word_1_191' title='bbox 2255 2906 2557 2962; x_wconf 81' lang='lat' dir='ltr'>suscenset</span> <span class='ocrx_word' id='word_1_192' title='bbox 2592 2922 2793 2977; x_wconf 86' lang='lat' dir='ltr'>senex,</span> 
     </span>
     <span class='ocr_line' id='line_1_27' title="bbox 768 2999 2579 3079; baseline 0.002 -22"><span class='ocrx_word' id='word_1_193' title='bbox 768 2999 848 3057; x_wconf 91' lang='lat' dir='ltr'>Ni</span> <span class='ocrx_word' id='word_1_194' title='bbox 876 3000 1217 3075; x_wconf 85' lang='lat' dir='ltr'>instigemus</span> <span class='ocrx_word' id='word_1_195' title='bbox 1246 3000 1444 3074; x_wconf 78' lang='lat' dir='ltr'>etiam,</span> <span class='ocrx_word' id='word_1_196' title='bbox 1477 3012 1541 3060; x_wconf 93' lang='lat' dir='ltr'>ut</span> <span class='ocrx_word' id='word_1_197' title='bbox 1570 3002 1760 3061; x_wconf 91' lang='lat' dir='ltr'>nullus</span> <span class='ocrx_word' id='word_1_198' title='bbox 1790 3003 1955 3061; x_wconf 67' lang='lat' dir='ltr'>locus</span> <span class='ocrx_word' id='word_1_199' title='bbox 1985 3003 2345 3079; x_wconf 73' lang='lat' dir='ltr'>relinquatur</span> <span class='ocrx_word' id='word_1_200' title='bbox 2373 3004 2579 3079; x_wconf 88' lang='lat' dir='ltr'>preci?</span> 
     </span>
     <span class='ocr_line' id='line_1_28' title="bbox 443 3086 2792 3177; baseline 0.001 -21"><span class='ocrx_word' id='word_1_201' title='bbox 443 3122 496 3171; x_wconf 74' lang='grc' dir='ltr'>ις</span> <span class='ocrx_word' id='word_1_202' title='bbox 626 3098 736 3156; x_wconf 81' lang='lat' dir='ltr'>PH.</span> <span class='ocrx_word' id='word_1_203' title='bbox 765 3086 934 3156; x_wconf 71' lang='lat' dir='ltr'>Alius</span> <span class='ocrx_word' id='word_1_204' title='bbox 962 3097 1039 3157; x_wconf 91' lang='lat' dir='ltr'>ab</span> <span class='ocrx_word' id='word_1_205' title='bbox 1068 3099 1251 3157; x_wconf 89' lang='lat' dir='ltr'>oculis</span> <span class='ocrx_word' id='word_1_206' title='bbox 1281 3099 1428 3158; x_wconf 86' lang='lat' dir='ltr'>meis</span> <span class='ocrx_word' id='word_1_207' title='bbox 1458 3099 1617 3158; x_wconf 89' lang='lat' dir='ltr'>illam</span> <span class='ocrx_word' id='word_1_208' title='bbox 1646 3100 1707 3158; x_wconf 90' lang='lat' dir='ltr'>in</span> <span class='ocrx_word' id='word_1_209' title='bbox 1736 3104 2001 3176; x_wconf 87' lang='lat' dir='ltr'>ignotum</span> <span class='ocrx_word' id='word_1_210' title='bbox 2035 3101 2292 3161; x_wconf 78' lang='lat' dir='ltr'>abducet</span> <span class='ocrx_word' id='word_1_211' title='bbox 2333 3101 2579 3160; x_wconf 78' lang='lat' dir='ltr'>locum?</span> <span class='ocrx_word' id='word_1_212' title='bbox 2611 3099 2792 3177; x_wconf 55' lang='lat' dir='ltr'>(sigh-</span> 
     </span>
     <span class='ocr_line' id='line_1_29' title="bbox 1246 3196 1588 3272; baseline 0.003 -18"><span class='ocrx_word' id='word_1_213' title='bbox 1246 3196 1374 3272; x_wconf 78' lang='lat' dir='ltr'>z&#39;ng)</span> <span class='ocrx_word' id='word_1_214' title='bbox 1413 3197 1588 3255; x_wconf 90' lang='lat' dir='ltr'>hem:</span> 
     </span>
     <span class='ocr_line' id='line_1_30' title="bbox 761 3293 2791 3372; baseline 0.002 -22"><span class='ocrx_word' id='word_1_215' title='bbox 761 3293 918 3351; x_wconf 90' lang='lat' dir='ltr'>Tum</span> <span class='ocrx_word' id='word_1_216' title='bbox 966 3293 1158 3369; x_wconf 88' lang='lat' dir='ltr'>igitur,</span> <span class='ocrx_word' id='word_1_217' title='bbox 1208 3293 1352 3352; x_wconf 89' lang='lat' dir='ltr'>dum</span> <span class='ocrx_word' id='word_1_218' title='bbox 1382 3295 1544 3358; x_wconf 63' lang='lat' dir='ltr'>„licet</span> <span class='ocrx_word' id='word_1_219' title='bbox 1592 3295 1855 3371; x_wconf 91' lang='lat' dir='ltr'>dumque</span> <span class='ocrx_word' id='word_1_220' title='bbox 1905 3294 2133 3369; x_wconf 86' lang='lat' dir='ltr'>adsum,</span> <span class='ocrx_word' id='word_1_221' title='bbox 2179 3298 2487 3372; x_wconf 64' lang='lat' dir='ltr'>lequimini</span> <span class='ocrx_word' id='word_1_222' title='bbox 2536 3316 2791 3370; x_wconf 86' lang='lat' dir='ltr'>mecum,</span> 
     </span>
     <span class='ocr_line' id='line_1_31' title="bbox 1245 3381 1534 3468; baseline 0.007 -18"><span class='ocrx_word' id='word_1_223' title='bbox 1245 3381 1534 3468; x_wconf 71' lang='lat' dir='ltr'>AntiphO,</span> 
     </span>
     <span class='ocr_line' id='line_1_32' title="bbox 763 3487 2956 3568; baseline 0.003 -22"><span class='ocrx_word' id='word_1_224' title='bbox 763 3487 1267 3564; x_wconf 63' lang='lat' dir='ltr'>Contemplamini</span> <span class='ocrx_word' id='word_1_225' title='bbox 1297 3508 1412 3548; x_wconf 88' lang='lat' dir='ltr'>me.</span> <span class='ocrx_word' id='word_1_226' title='bbox 1496 3491 1610 3548; x_wconf 83' lang='lat' dir='ltr'>AN.</span> <span class='ocrx_word' id='word_1_227' title='bbox 1656 3491 1853 3564; x_wconf 88' lang='lat' dir='ltr'>Quam</span> <span class='ocrx_word' id='word_1_228' title='bbox 1882 3492 1962 3550; x_wconf 93' lang='lat' dir='ltr'>ob</span> <span class='ocrx_word' id='word_1_229' title='bbox 1991 3510 2117 3549; x_wconf 89' lang='lat' dir='ltr'>rem</span> <span class='ocrx_word' id='word_1_230' title='bbox 2132 3493 2160 3550; x_wconf 88' lang='lat'><strong>?</strong></span> <span class='ocrx_word' id='word_1_231' title='bbox 2200 3502 2300 3551; x_wconf 89' lang='lat' dir='ltr'>aut</span> <span class='ocrx_word' id='word_1_232' title='bbox 2328 3492 2472 3568; x_wconf 88' lang='lat' dir='ltr'>quid</span> <span class='ocrx_word' id='word_1_233' title='bbox 2501 3512 2637 3551; x_wconf 90' lang='lat' dir='ltr'>nam</span> <span class='ocrx_word' id='word_1_234' title='bbox 2674 3493 2792 3553; x_wconf 88' lang='lat' dir='ltr'>fac·</span> <span class='ocrx_word' id='word_1_235' title='bbox 2837 3492 2956 3554; x_wconf 87' lang='lat'>550</span> 
     </span>
     <span class='ocr_line' id='line_1_33' title="bbox 1247 3587 1688 3653; baseline 0.002 -3"><span class='ocrx_word' id='word_1_236' title='bbox 1247 3588 1429 3652; x_wconf 69' lang='lat' dir='ltr'>turti’s</span> <span class='ocrx_word' id='word_1_237' title='bbox 1446 3589 1473 3645; x_wconf 79' lang='grc' dir='ltr'><strong>Ρ</strong></span> <span class='ocrx_word' id='word_1_238' title='bbox 1513 3587 1688 3653; x_wconf 70' lang='lat' dir='ltr'>cedo,</span> 
     </span>
    </p>
   </div>
  </div>
 </body>
</html>
