3209 4109
428 307 641 375 v.6.40.]
1507 312 1870 360 PHORMJO.
2880 309 2942 359 55

430 1298 484 1346 25

430 3049 485 3098 35

755 492 966 551 Sfimus
993 492 1285 568 profecti3
1326 491 1415 572 (to
1443 494 1748 568 ANTIPHO)
1788 491 2012 550 interea
2039 491 2217 551 mittit
2243 493 2375 550 erus
2419 509 2515 549 me
2558 489 2636 550 ad
2678 509 2780 548 ux·
2823 489 2942 549 860

1237 591 1405 649 orem
1432 598 1614 648 tuam.

607 690 722 746 AN.
755 688 952 762 Quam
982 687 1063 747 ob
1088 688 1257 747 rem?
1338 688 1452 746 GE.
1489 687 1722 747 Omitto
1749 687 2025 763 proloqui
2046 708 2063 760 3
2093 705 2232 744 nam
2258 686 2339 745 nil
2367 685 2444 745 ad
2474 686 2627 744 hanc
2654 704 2782 745 rem

1237 794 1343 858 est,
1375 774 1663 860 Antipho.

750 866 870 942 Vbi
897 882 959 940 in
986 900 1352 959 gynaeceum
1382 886 1465 941 ite
1494 882 1747 957 occipio,
1778 885 1928 958 pt'ier
1954 882 2031 941 ad
2061 901 2157 940 me
2187 881 2443 939 adcurrit
2473 881 2658 953 Mida,

757 982 922 1039 Pone
935 979 1183 1057 prendit
1209 980 1408 1056 pallio,
1437 983 1772 1055 resupinat:
1818 979 2090 1055 respicio,
2119 997 2264 1055 rogo

755 1078 952 1152 Quam
982 1079 1062 1136 ob
1090 1095 1216 1135 rem
1244 1078 1495 1135 retineat
1536 1095 1671 1136 me:
1716 1076 1799 1134 ait
1842 1094 1969 1134 esse
2011 1076 2261 1134 uetitum
2303 1076 2457 1134 intro
2499 1074 2575 1133 ad
2620 1094 2780 1133 eram

1237 1174 1543 1234 accedere.

756 1277 773 1305 ‘
791 1273 1103 1349 Sophrona
1130 1273 1313 1332 modo
1342 1273 1579 1331 fratrem
1607 1272 1724 1331 huc
1746 1274 1759 1299 '
1791 1271 1981 1347 inquit
2010 1275 2027 1303 ‘
2046 1271 2201 1329 senis
2233 1270 2555 1329 introduxit
2598 1272 2780 1329 Chre·
2823 1268 2943 1329 865

1240 1389 1399 1429 mem
1419 1372 1434 1397 '
1461 1392 1474 1404 ·

758 1469 1033 1543 Et'imque
1062 1487 1219 1527 nunc
1247 1463 1377 1527 esse
1413 1416 1566 1526 nitus
1608 1487 1745 1525 cum
1788 1467 1915 1525 illis.
2001 1468 2118 1525 hoc
2158 1467 2259 1525 ubi
2302 1485 2413 1541 ego
2455 1465 2674 1538 audiui,
2705 1465 2782 1523 ad

1238 1567 1393 1624 fores

726 1664 1054 1738 ‘St'ispenso
1081 1664 1264 1742 gradui
1295 1662 1529 1738 placide
1560 1664 1644 1720 ire
1672 1663 1922 1737 perrexi,
1953 1661 2196 1734 accessi,
2226 1661 2400 1734 astiti,

755 1750 1047 1819 Animam·
1064 1762 1405 1836 compressi,
1437 1764 1639 1818 adrem
1670 1760 1912 1818 admoui
1937 1781 1948 1818 ε
1987 1760 2068 1816 ita
2096 1759 2359 1816 animum
2387 1759 2565 1834 coepi
2592 1760 2781 1817 atten-

1240 1858 1401 1930 dere,

757 1957 899 2015 Hoc
944 1955 1125 2015 modo
1167 1960 1504 2015 sermonem
1549 1965 1813 2029 captans,
1901 1956 2009 2012 PH.
2062 1956 2176 2026 Εὐ,
2220 1955 2413 2013 Geta!
2499 1955 2611 2013 GE.
2659 1954 2781 2011 Hic

1236 2053 1694 2128 pulcherrimum

757 2150 1007 2208 Facinus
1037 2150 1236 2208 audiui
1262 2173 1273 2207 :
1322 2153 1518 2224 itaque
1551 2168 1741 2224 paene
1772 2149 1969 2207 hercle
2002 2149 2329 2207 exclamaui
2355 2149 2594 2224 galidiO.
2825 2146 2942 2205 870

612 2248 724 2306 ΑΝ.
755 2247 979 2321 Quod?
1061 2250 1172 2306 GE.
1205 2248 1385 2321 Quod
1416 2266 1551 2304 nam
1579 2247 1903 2305 arbitrare?
1982 2248 2095 2304 AN.
2128 2246 2369 2304 Nescio.
2454 2246 2566 2304 GE.
2599 2234 2784 2320 Atqui

1240 2346 1731 2402 mirificissumum
1756 2366 1767 2402 :

757 2444 999 2500 Patmos
1050 2452 1180 2501 tuos
1237 2452 1324 2500 est
1380 2446 1549 2517 pater
1601 2443 1873 2500 inuentus
1931 2442 2155 2499 Phanio
2211 2444 2376 2499 uxori
2431 2450 2586 2500 tuae.
2668 2443 2782 2499 AN.

1241 2542 1552 2618 (starting)
1601 2537 1855 2617 [Hem‚]
2035 2543 2038 2547 ⁴

735 2636 917 2720 'Quid
957 2639 1083 2696 ais?
1164 2638 1275 2696 GE.
1321 2638 1473 2695 Cum
1520 2638 1644 2695 eius
1689 2637 1995 2694 consueuit
2036 2636 2177 2694 olim
2221 2638 2409 2694 matre
2450 2637 2512 2694 in
2552 2637 2782 2695 Lemno

1235 2735 1586 2793 clauculum.

616 2832 722 2889 ΡΗ.
759 2831 1242 2911 (incredulously)
1265 2833 1570 2890 Somnium
1596 2854 1610 2888 ε
1646 2833 1806 2890 utine
1831 2832 1979 2889 haec
2004 2834 2296 2906 ignoraret
2318 2834 2486 2889 subm
2517 2832 2786 2905 patrem?

1237 2930 1348 2988 GE.
1392 2930 1632 3005 Aliquid
1665 2929 1913 3001 creditO,

755 3026 1052 3099 Phormio,
1083 3045 1210 3085 esse
1240 3030 1471 3088 caiisae.
1562 3028 1667 3087 sed
1701 3048 1795 3086 me
1828 3030 2048 3085 censen
2077 3028 2336 3102 potuisse
2366 3027 2568 3086 omnia
2825 3024 2901 3083 87
2906 3024 2942 3081 5

754 3109 1104 3200 intellegere
1134 3136 1295 3184 extra
1325 3129 1559 3201 ostium,
1591 3131 1745 3188 intus
1774 3148 1927 3204 quae
1959 3131 2108 3186 inter
2137 3146 2263 3185 sese
2296 3126 2407 3200 ipsi
2437 3125 2703 3199 egerint?

608 3222 722 3280 AN.
751 3212 952 3298 Atque
983 3242 1094 3301 ego
1123 3244 1362 3301 quoque
1393 3228 1656 3288 inai'idiui
1687 3228 1844 3285 illam
1877 3227 2153 3286 fabulam.
2241 3227 2351 3284 GE.
2386 3225 2581 3281 Immo
2605 3222 2781 3279 etiam

1236 3324 1395 3384 dabo

754 3420 891 3493 Quo
922 3422 1104 3497 magis
1133 3422 1341 3481 credas
1366 3445 1377 3481 :
1424 3426 1663 3498 patruos
1694 3423 1918 3481 interea
1949 3421 2085 3480 inde
2115 3421 2231 3479 huc
2263 3420 2559 3497 egrediti'ir
2587 3421 2776 3477 foras:

755 3517 938 3576 Hat'id
969 3519 1155 3577 multo
1183 3531 1319 3594 post
1348 3524 1483 3578 cuim
1515 3532 1681 3595 patre
1713 3520 1872 3578 idem
1903 3520 2112 3594 recipit
2142 3538 2203 3577 se
2235 3519 2388 3577 intro
2419 3517 2655 3576 denuo:

751 3604 857 3673 Ait
881 3625 1129 3692 uterque
1161 3617 1266 3675 tibi
1294 3627 1653 3692 potestatem
1685 3618 1810 3675 eius
1839 3615 2213 3675 adhibendae
2244 3614 2391 3674 dari.
2821 3611 2940 3672 880
