3209 4109
356 114 425 166 ³0
1432 115 1798 165 PHORMJO.
2656 115 2875 182 [ἤω-

681 294 844 370 Quid
871 296 1026 371 ago?
1065 294 1183 367 dic,
1215 294 1437 370 Hegio.
1522 295 1643 353 HE.
1689 279 1863 371 Ego?
1942 296 2252 356 Cratinum
2280 299 2518 371 censen,

676 393 736 452 Si
764 392 871 452 tibi
897 390 1151 451 uidetur.
1236 393 1351 451 Da.
1395 392 1530 465 Dic,
1560 391 1823 451 Cratine.
1905 392 2057 452 CRA.
2102 393 2287 452 Mene
2316 393 2449 453 uis?

536 493 652 550 DE.
679 491 788 549 Te.
871 490 1022 550 CRA.
1066 490 1199 566 Ego
1227 506 1380 565 quae
1409 491 1471 547 in
1498 506 1626 547 rem
1654 498 1817 548 tuam
1844 489 1961 549 sint
1988 491 2061 549 ea
2080 490 2262 550 uelim
2285 491 2483 551 facias..
2566 491 2710 551 mihi

358 588 477 647 450
679 588 775 648 Sic
802 588 918 647 hoc
946 587 1219 647 uidetur:
1265 585 1428 663 qued
1457 596 1518 646 te
1545 587 1791 647 absente
1821 586 1919 645 hic
1950 587 2104 648 fflius

682 687 836 762 Egit,
864 685 1089 744 restitui
1117 685 1178 743 in
1206 688 1496 762 integrum
1524 695 1838 761 aequomst
1867 688 1929 745 et
1955 686 2200 761 bonum,

683 785 763 842 Et
789 782 853 843 id
880 782 1240 860 impetrabis.
1325 782 1466 842 dixi.
1551 784 1668 841 DE.
1712 783 1828 842 Dic
1856 802 2032 858 nunc,
2065 784 2286 861 Hegio.

529 883 650 941 HE.
682 882 814 957 Ego
868 879 1077 940 sedulo
1133 881 1290 939 hunc
1347 879 1659 958 (pointing
1709 889 1766 939 to
1821 882 2156 960 cnm-mus)
2213 882 2431 941 dixisse
2486 882 2709 957 credo;

1163 980 1367 1036 uerum
1396 978 1549 1052 itast,

681 1075 864 1151 Quod
891 1075 1161 1136 homines
1190 1085 1279 1134 tot
1307 1076 1635 1135 sententiae
1660 1098 1673 1135 ε
1719 1094 1857 1136 suos
1886 1080 2144 1153 quoique
2171 1095 2323 1136 mos».
2693 1115 2708 1130 ·

358 1173 480 1232 455
682 1174 836 1232 Mihi
862 1177 984 1232 non
1010 1172 1246 1232 uidetur
1273 1172 1437 1249 quod
1468 1173 1541 1232 sit
1571 1174 1792 1232 factum
1821 1174 2046 1250 legibus
2818 1200 2868 1249 ¹5

683 1271 968 1330 Rescindi
996 1289 1209 1347 posse3
1253 1282 1314 1330 et
1343 1274 1513 1347 turpe
1541 1271 1857 1348 inceptust.
1940 1274 2057 1331 Dr..
2100 1273 2236 1347 Dic,
2265 1273 2453 1333 Crito.

523 1370 656 1429 CR1.
687 1370 818 1445 Ego
846 1369 1094 1444 amplius
1123 1367 1574 1428 deliberandum
1602 1371 1860 1429 censeo:

683 1469 806 1525 Res
837 1469 1122 1543 magnast.
1208 1469 1330 1526 ΗΕ.
1361 1467 1522 1525 Num
1545 1465 1690 1543 quid
1712 1471 1822 1527 nos
1843 1467 1975 1527 uis?
2054 1469 2170 1528 DE.
2213 1468 2461 1528 Fecistis
2482 1468 2668 1545 probe
2694 1490 2707 1526 z

692 1565 781 1644 (to
828 1564 1078 1639 himself,
1120 1584 1190 1623 as
1240 1566 1366 1640 they
1410 1566 1573 1624 leave
1624 1566 1719 1623 tlte
1763 1564 1953 1641 stage)
2004 1566 2296 1625 Incertior
2340 1583 2473 1626 sum
2524 1565 2711 1625 multo

1164 1680 1344 1738 quam
1366 1661 1614 1722 dudum.
1693 1663 1982 1742 (Exeunt
1996 1665 2220 1736 Hecto,
2242 1663 2565 1735 CRATmUS,
2587 1664 2721 1721 and

1163 1760 1355 1820 Cnrro
1384 1768 1441 1819 to
1466 1762 1719 1834 Forum,
1748 1777 1806 1819 R.
1889 1761 2093 1819 Enter
2116 1761 2290 1821 GETA
2310 1759 2485 1835 from
2515 1762 2708 1819 Dmn-

1163 1859 1336 1917 Pno's
1361 1857 1591 1936 house.)
1671 1859 1785 1918 GE.
1829 1858 2069 1934 Negant

361 1956 480 2016 460
683 1955 955 2015 Redisse.
1039 1957 1155 2015 DE.
1198 1956 1404 2015 Frater
1431 1956 1521 2015 est
1550 1954 1957 2032 expectandus
1985 1954 2165 2016 mihi:
2813 1981 2872 2014 20

684 2055 745 2113 Is
773 2053 939 2130 quod
966 2053 1110 2112 mihi
1139 2052 1370 2114 dederit
1398 2052 1477 2112 de
1506 2054 1618 2113 hac
1649 2072 1712 2112 re
1742 2053 2073 2126 consilium,
2103 2052 2166 2114 id
2193 2071 2425 2130 sequar.

686 2154 1105 2212 Percontatum
1133 2151 1233 2212 ibo
1262 2151 1340 2210 ad
1367 2154 1626 2228 portum,
1655 2150 1857 2227 quoad
1884 2169 1949 2210 se
1976 2150 2241 2228 recipiat.

2018 2249 2214 2328 (Exit
2235 2256 2291 2308 to
2317 2250 2590 2323 Harbor,
2618 2246 2705 2326 1..)

539 2349 653 2408 GE.
693 2346 782 2425 (to
809 2345 1082 2425 himself)
1120 2347 1199 2405 At
1225 2365 1338 2423 ego
1367 2335 1779 2424 Antiphonem
1806 2349 2107 2423 quaeram,
2136 2356 2202 2406 ut
2242 2364 2395 2423 quae
2436 2356 2571 2405 acta
2613 2344 2711 2404 hic

1166 2448 1281 2503 sint
1309 2445 1474 2505 sciat.
1554 2445 1786 2523 (Starts
1815 2454 1872 2504 to
1899 2446 2061 2505 leave
2089 2446 2183 2504 the
2209 2452 2385 2521 stage,
2415 2444 2526 2503 but
2557 2451 2711 2520 stops

1163 2561 1242 2601 on
1267 2544 1463 2618 seeing
1483 2544 1759 2601 ΑΝΤῙΡΗΟ
1786 2541 2236 2619 approaching.)

682 2639 800 2700 Sed
830 2658 1042 2699 eccum
1070 2642 1264 2715 ipsum
1294 2640 1472 2700 uideo
1500 2640 1561 2698 in
1589 2642 1863 2716 tempore
1891 2638 2008 2698 huc
2036 2657 2100 2699 se
2128 2639 2414 2716 recipere.

1470 2818 1668 2878 SCENE
1708 2838 1766 2892 4.

365 2981 612 3030 ANTIPHO
634 2985 843 3039 returns,
867 2994 1022 3043 angry
1043 2978 1164 3028 with
1185 2978 1392 3028 himself
1418 2978 1495 3028 for
1518 2979 1738 3043 running
1759 2994 1912 3042 away.
1981 2978 2131 3028 GE‘rA
2153 2993 2348 3028 assures
2368 2977 2475 3028 him
2505 2977 2616 3028 that
2646 2975 2773 3026 both
2804 2975 2870 3025 he

443 3063 546 3112 and
570 3061 858 3111 PHAEDRIA
878 3062 1007 3111 have
1031 3062 1166 3111 done
1189 3062 1318 3111 their
1341 3062 1451 3111 best
1473 3061 1551 3111 for
1573 3062 1681 3111 him
1704 3062 1825 3111 with
1849 3062 1928 3111 his
1950 3061 2128 3111 father.

1058 3193 1292 3274 [Enter
1313 3198 1590 3255 ANT1PHO
1597 3194 1770 3270 from
1798 3197 2050 3270 Forum,
2080 3193 2175 3276 κ]

1139 3339 1481 3397 ANTIPHO
1885 3338 1944 3398 G
1958 3354 2095 3397 ETA

1137 3444 1479 3484 ADVLESCENS
1893 3446 2089 3484 smwos
