3209 4109
364 135 414 184 ii.
419 134 544 199 3.2.]
1344 117 1351 122 ’
1437 107 1802 177 PHORMJO.
2816 126 2880 177 19

547 316 661 373 ΑΝ.
693 313 835 371 Non
861 314 1105 388 possum
1133 308 1361 369 adesse.
1436 306 1668 387 (Startr
1696 315 1754 366 to
1780 309 1942 367 leave
1970 309 2063 367 the
2088 312 2297 385 stage.)
2390 309 2503 367 GE.
2542 307 2717 386 (calh-

1167 407 1326 482 aster
1350 406 1507 483 him)
1545 404 1660 479 Ah,
1689 405 1832 482 quid
1866 407 1989 482 agis
2004 409 2032 466 ?
2070 426 2192 483 quo
2229 409 2373 481 abis,
2403 399 2674 486 Antipho
2690 412 2718 468 ?

688 510 870 567 Mane
899 511 1159 583 inquam.
1242 509 1355 565 AN.
1395 506 1685 584 (without
1718 506 1991 583 turning)
2031 508 2288 583 Egomet
2329 527 2427 568 me
2468 509 2611 569 noui
2654 518 2716 569 et

1169 608 1484 682 peccatom
1514 623 1751 663 meum:

363 732 422 777 40
682 704 868 764 Vobis
895 703 1259 763 commendo
1288 703 1575 762 Phanium
1604 712 1666 762 et
1693 703 1877 762 uitam
1906 721 2119 763 meam.

1798 801 1994 876 (Exit
2011 801 2227 876 Ιιαείίζγ
2253 811 2311 859 to
2334 803 2584 876 Forum,
2615 804 2703 881 R.)

544 903 655 959 ΡΗ.
685 902 859 973 Geta,
888 900 1033 975 quid
1060 918 1219 958 nunc
1246 900 1391 957 fiet?
1472 900 1586 958 GE.
1629 900 1721 956 To
1750 898 1871 955 iam
1898 897 2011 955 litis
2039 898 2244 957 aodies
2264 920 2283 973 3

688 999 819 1074 Ego
846 997 1073 1073 plectar
1099 996 1387 1073 pendens,
1417 996 1527 1055 nisi
1557 995 1701 1071 quid
1732 1014 1827 1054 me
1860 996 2146 1055 fefellerit.
2753 998 2874 1058 220

685 1095 801 1155 Sed
831 1094 995 1171 quod
1024 1094 1208 1154 modo
1238 1095 1335 1152 hic
1362 1112 1471 1154 nos
1499 1083 1913 1174 Antiphonem
1941 1094 2295 1167 monuimus,

688 1192 762 1252 Id
788 1197 1024 1253 nosmet
1051 1194 1212 1269 ipsos
1240 1194 1434 1252 facere
1463 1202 1718 1269 oportet,
1751 1192 2058 1251 Phaedria.

363 1316 418 1364 45
546 1292 657 1349 ΡΗ.
684 1291 866 1351 Aufer
893 1290 976 1351 mi
1004 1295 1021 1324 ‘
1042 1301 1278 1368 oportet
1299 1294 1312 1319 ’
1337 1314 1350 1351 ε
1396 1294 1539 1367 quin
1567 1301 1632 1350 tu
1661 1289 1806 1366 quid
1837 1291 2048 1348 faciam
2077 1293 2320 1366 impera.

541 1390 655 1449 GE.
686 1390 1074 1464 Meministin,
1103 1390 1246 1449 olim
1272 1398 1339 1449 ut
1366 1389 1540 1448 flierit
1565 1397 1766 1447 uostra
1791 1388 1980 1447 oratio

686 1489 760 1546 In
786 1506 850 1547 re
878 1488 1222 1565 incipiunda
1249 1487 1327 1546 ad
1355 1487 1799 1546 defendendam
1825 1486 2084 1559 noxiam,
2752 1486 2874 1546 225

688 1587 912 1644 Iustam
939 1585 1097 1646 illam
1129 1604 1386 1658 causam,
1416 1585 1670 1657 facilem,
1701 1584 2060 1656 uincibilem,
2091 1587 2395 1660 optumam
2414 1586 2442 1643 Ρ

544 1685 655 1742 ΡΗ.
686 1683 954 1742 Memini.
1038 1684 1152 1744 GE.
1183 1668 1317 1756 Em,
1346 1701 1506 1741 nunc
1533 1683 1718 1759 ipsast
1746 1686 1914 1758 opuS,
1945 1700 2017 1739 ea
2044 1690 2163 1755 aut,
2192 1681 2240 1741 si
2267 1682 2412 1757 quid
2440 1692 2656 1758 potest,

365 1804 422 1853 50
688 1780 939 1841 Meliore
967 1789 1029 1840 et
1055 1781 1375 1841 callidiore.
1461 1783 1572 1840 PH.
1617 1781 1749 1839 Fiet
1777 1779 2002 1839 sedulo,

543 1878 657 1936 GE.
687 1878 865 1937 Nunc
892 1882 1054 1955 prior
1080 1879 1244 1938 adito
1274 1889 1356 1952 tu,
1386 1880 1499 1955 ego
1527 1878 1589 1937 in
1617 1878 1844 1938 insidiis
1872 1877 1969 1936 hic
1998 1896 2102 1937 ero

684 1974 1182 2049 Subcenturiatus‚
1212 1980 1260 2035 si
1286 1976 1430 2053 quid
1460 1975 1722 2035 deficiaS.
1807 1978 1917 2034 PH.
1961 1978 2105 2051 Age.
2752 1975 2873 2035 230

853 2073 1197 2150 (PHAEDmA
1223 2075 1357 2134 and
1375 2074 1546 2134 GETA
1574 2075 1753 2132 νεᾶνι
1780 2082 1836 2132 to
1863 2074 2011 2131 back
2037 2073 2112 2148 of
2124 2081 2298 2148 stage,
2321 2091 2399 2146 R.,
2422 2075 2517 2133 the
2535 2076 2716 2132 latter

1650 2172 1854 2229 round
1873 2172 1967 2229 the
1993 2190 2208 2229 corner
2230 2172 2356 2230 into
2383 2172 2479 2230 the
2503 2170 2700 2249 alley.)

1468 2322 1665 2380 SCENE
1706 2341 1763 2397 3.

363 2449 624 2499 DEMIPHO
656 2450 842 2500 arrives
876 2451 928 2500 in
962 2468 994 2501 a
1026 2466 1162 2514 tage,
1183 2451 1372 2514 having
1404 2451 1561 2500 heard
1594 2450 1682 2500 the
1717 2467 1854 2500 news
1888 2451 1947 2500 os
1974 2451 2053 2499 his
2085 2453 2220 2499 son's
2253 2449 2512 2514 marriage.
2581 2452 2872 2501 PHAEDRIA

442 2534 544 2581 and
566 2532 717 2581 GETA
738 2533 792 2582 in
813 2534 930 2582 vain
952 2540 1027 2597 try
1050 2540 1103 2583 to
1131 2533 1301 2597 justify
1325 2534 1640 2583 themselves.
1707 2535 1971 2583 DEM1PHO
2000 2534 2245 2583 demands
2279 2540 2333 2582 to
2366 2534 2494 2583 have
2528 2534 2608 2583 his
2640 2549 2734 2582 son
2768 2536 2870 2583 and

444 2614 701 2664 Pnonmo
722 2615 941 2680 brought
963 2615 1136 2666 before
1158 2616 1279 2666 him.

368 2729 467 2810 [E
468 2740 603 2789 nter
647 2733 938 2793 Dempno
967 2732 1139 2807 from
1180 2735 1453 2808 Harbor,
1495 2752 1549 2794 1..
1631 2735 2021 2810 Soliloquizes,
2067 2743 2174 2794 not
2191 2736 2517 2809 ‘observing
2556 2736 2870 2794 PHAEDRIA

695 2831 830 2889 and
850 2832 1040 2905 GETA,
1067 2832 1204 2891 who
1230 2851 1505 2892 converse
1529 2834 1595 2891 in
1623 2835 1739 2891 low
1766 2841 1924 2891 tenes
1951 2840 2025 2890 at
2044 2834 2191 2891 back
2218 2832 2293 2907 qs
2316 2832 2526 2912 stage]

897 2963 1255 3023 DEMIPHO
1500 2967 1895 3024 PHAEDRIA
2138 2965 2340 3024 GETA

984 3055 1153 3119 sizNEx
1518 3056 1829 3094 ADVLESCEN
1834 3057 1859 3093 S
2139 3056 2333 3093 SERVOS

361 3142 425 3201 11
457 3168 478 3200 1
531 3142 647 3201 DE.
686 3142 776 3221 (to
816 3142 1066 3217 himself,
1109 3145 1368 3222 angrily)
1421 3130 1592 3204 itane
1636 3144 1881 3204 tandem
1929 3149 2174 3205 uxorem
2222 3144 2390 3204 duxit
2436 3135 2706 3221 Antipho

1160 3242 1380 3301 iniusso
1410 3261 1547 3302 meo
1562 3244 1590 3301 ?

681 3338 812 3397 Nec
854 3356 1055 3398 meum
1097 3339 1427 3416 imperium,
1471 3358 1543 3398 ac
1589 3344 1761 3399 mitto
1801 3340 2137 3416 imperium,
2179 3344 2301 3400 non
2348 3341 2705 3400 simultatem

1164 3456 1361 3496 meam
