3209 4109
268 266 333 319 54
1341 263 1709 314 PHORMJO.
2591 260 2782 331 [mes-

267 446 385 505 845
589 434 792 521 Atque
818 443 1124 505 hominem
1157 460 1416 521 propero
1456 444 1741 518 inuenire,
1769 453 1835 504 ut
1875 443 2025 503 haec
2066 461 2221 520 quae
2260 443 2618 521 contigerint
2755 471 2779 520 5

1071 542 1237 602 sciat.
1316 542 1604 621 (nrows
1624 543 1719 601 his
1739 542 1908 601 cloak
1927 560 2071 602 over
2085 542 2181 601 leis
2200 542 2482 601 shoulder
2498 544 2631 601 and

1070 647 1255 699 starts
1280 638 1412 717 off)

443 741 558 800 AN.
595 738 793 818 (aside
820 746 876 798 to
905 736 1222 815 Pnomno)
1260 738 1319 797 N
1321 740 1422 798 om
1451 747 1514 796 tu
1542 737 1851 815 intellegis,
1880 736 2028 814 quid
2054 736 2153 797 hic
2187 739 2428 798 narret?
2510 740 2620 797 P1-1.

1079 834 1276 914 (aside
1315 843 1374 894 to
1412 833 1722 912 AN‘nPHo)
1760 835 1925 895 Num
1958 836 2065 895 tu?
2143 836 2259 895 ΑΝ.
2303 835 2425 895 Nil.
2509 837 2620 894 ΡΗ.

1066 931 1447 993 Tantundem
1476 951 1607 1009 ego.

442 1034 556 1094 GE.
597 1032 682 1110 (to
707 1030 961 1106 himself,
989 1050 1061 1090 as
1087 1031 1160 1089 he
1187 1049 1377 1090 moves
1405 1029 1524 1108 off)
1562 1020 1666 1091 Ad
1704 1031 1985 1091 lenonem
2025 1031 2165 1091 hinc
2207 1034 2291 1091 ire
2334 1049 2616 1108 pergam:

1068 1128 1153 1188 ibi
1193 1130 1353 1188 nunc
1397 1137 1550 1188 sunt.
1632 1130 1744 1187 AN.
1799 1130 1976 1208 (calh-
2022 1128 2183 1204 aster
2217 1128 2374 1204 him)
2427 1130 2618 1202 Heus,

1070 1227 1265 1286 Geta!
1349 1227 1462 1286 GE.
1500 1226 1792 1304 (without
1808 1225 2101 1303 stopping)
2140 1211 2256 1285 Em
2284 1226 2428 1286 tibi:

590 1325 754 1384 Nom
783 1324 996 1385 mirum
1023 1333 1124 1383 aut
1163 1327 1443 1384 nouomst
1482 1324 1768 1397 reuocari,
1798 1327 2036 1384 cursum
2076 1341 2261 1400 quom
2302 1322 2580 1383 institeris
2594 1325 2622 1381 ?

1071 1424 1186 1481 AN.
1225 1421 1401 1499 (calls
1427 1420 1639 1500 again)
1677 1422 1872 1481 Geta!

443 1522 558 1581 Gn.
596 1521 810 1598 (aside,
842 1520 974 1579 still
1003 1519 1262 1578 without
1293 1521 1587 1596 stopping)
1628 1520 1823 1596 Pergit
1863 1519 2081 1579 hercle.
2158 1517 2414 1597 (ahud)
2450 1521 2619 1577 nom-

1070 1634 1249 1691 quam
1277 1626 1343 1675 tu
1371 1616 1514 1676 odio
1542 1619 1647 1676 tuo
1676 1634 1775 1675 me
1801 1616 2025 1677 uinces,
2106 1618 2219 1676 ΑΝ.
2257 1615 2359 1695 (as
2384 1615 2616 1692 before)

1078 1714 1221 1772 Non
1250 1731 1454 1773 manes
1468 1716 1496 1773 ?

272 1812 390 1871 850
448 1813 563 1872 GE.
602 1811 703 1890 (as
729 1808 952 1888 before)
981 1810 1246 1886 Vapulal
1312 1812 1426 1871 ΑΝ.
1457 1811 1561 1893 (as
1587 1810 1811 1890 before)
1844 1812 1919 1872 Id
1945 1811 2192 1888 quidem
2220 1812 2329 1872 tibi
2356 1811 2476 1872 iam
2496 1812 2617 1884 fiet,
2729 1837 2784 1869 ιο

1075 1908 1187 1967 nisi
1217 1907 1453 1983 resistis,
1484 1909 1754 1970 uerbero.

450 2008 564 2067 GE.
601 2007 704 2085 (as
733 2004 952 2084 before)
992 2006 1453 2066 Familiariorem
1481 2015 1721 2083 oportet
1757 2010 1887 2067 esse
1929 2007 2122 2068 hunc:
2169 2007 2472 2067 minitatur
2498 2025 2619 2066 ma-

1074 2104 1215 2163 lum.

604 2202 844 2279 (Turns
876 2201 1009 2259 and
1031 2202 1349 2277 recogm‘zes
1376 2200 1705 2280 ΑΝΤΙΡΗΟ.)
1782 2202 1902 2262 Sed
1929 2202 2057 2261 isne
2087 2212 2175 2262 est
2196 2221 2378 2278 quem
2398 2220 2621 2278 quaero

1074 2300 1151 2356 an
1171 2300 1336 2357 non?
1363 2299 1567 2374 ipsust.
1635 2299 2000 2375 congredere
2022 2304 2307 2360 actutum.
2377 2299 2623 2378 (Comes

1076 2393 1275 2473 back.)
1365 2399 1479 2455 ΑΝ.
1525 2396 1689 2471 Quid
1719 2399 1850 2457 est?

451 2496 564 2555 GE.
595 2494 652 2554 Ο
695 2493 979 2567 omnium,
1013 2497 1357 2569 quantumst
1398 2495 1500 2570 qui
1541 2495 1766 2568 uiuont,
1802 2494 1987 2554 homo
2026 2495 2337 2554 hominum
2376 2498 2621 2554 ornatis·

1074 2610 1239 2651 sume
1266 2595 1279 2651 l

598 2690 756 2747 Nam
784 2689 909 2749 sine
938 2689 1345 2750 controuorsia
1374 2690 1451 2749 ab
1478 2690 1571 2749 dis
1599 2690 1756 2750 solus
1785 2690 2047 2767 diligere,
2076 2679 2362 2768 Antipho.

274 2786 392 2846 855
450 2790 564 2846 AN.
595 2771 691 2846 ita
718 2787 896 2846 uelim
918 2809 937 2862 3
980 2788 1087 2847 sed
1116 2793 1218 2864 qui
1248 2789 1397 2847 istuc
1426 2787 1670 2848 credam
1699 2790 1782 2848 ita
1808 2791 1939 2849 osse
1968 2789 2111 2848 mihi
2139 2787 2259 2848 dici
2287 2787 2486 2847 uelim.
2734 2812 2782 2861 ις

451 2890 561 2948 GE.
593 2888 792 2947 Satine
843 2897 931 2946 est
979 2887 1028 2946 si
1075 2896 1134 3043 {e
1187 2886 1517 2947 delibutum
1564 2887 1784 2964 gaodio
1839 2884 2073 2947 reddo?
2150 2888 2265 2946 ΑΝ.
2322 2883 2613 2964 (angrily)

1131 3003 1311 3045 nicaS.

456 3086 566 3144 ΡΗ.
603 3084 694 3164 (to
735 3081 936 3161 GETA)
983 3084 1145 3158 Quin
1187 3093 1251 3142 tu
1294 3082 1434 3142 hinc
1475 3082 1930 3160 pollicitationes
1977 3082 2143 3142 aufer
2187 3090 2249 3141 et
2294 3079 2461 3157 quod
2509 3080 2624 3138 fers

1074 3179 1244 3240 cedo·
1334 3182 1449 3241 GE.
1492 3182 1612 3256 Oh,

593 3280 688 3339 Tu
714 3296 952 3355 quoque
980 3278 1209 3352 aderaS,
1241 3279 1563 3339 Phormio?
1645 3280 1756 3338 ΡΗ.
1797 3277 2075 3338 Aderam.
2159 3274 2270 3337 sod
2295 3285 2360 3336 tu
2388 3273 2626 3335 cessas?

1078 3377 1190 3436 GE.
1234 3366 1482 3452 Accipe,
1513 3395 1648 3435 em:

607 3469 700 3550 (to
726 3471 1041 3549 Pnomno)
1078 3457 1158 3531 Vt
1187 3474 1369 3533 modo
1397 3475 1706 3549 argentom
1742 3472 1852 3534 tibi
1892 3470 2168 3533 dedimus
2208 3470 2370 3548 apud
2411 3471 2623 3544 forum,

1079 3571 1242 3629 recta
1268 3567 1516 3629 domum
