<?xml version="1.0" encoding="UTF-8"?>
<!DOCTYPE html PUBLIC "-//W3C//DTD XHTML 1.0 Transitional//EN"
    "http://www.w3.org/TR/xhtml1/DTD/xhtml1-transitional.dtd">
<html xmlns="http://www.w3.org/1999/xhtml" xml:lang="en" lang="en">
 <head>
  <title>
</title>
<meta http-equiv="Content-Type" content="text/html;charset=utf-8" />
  <meta name='ocr-system' content='tesseract 3.04.00' />
  <meta name='ocr-capabilities' content='ocr_page ocr_carea ocr_par ocr_line ocrx_word'/>
</head>
<body>
  <div class='ocr_page' id='page_1' title='image "./terencephormioh00teregoog_0030.png"; bbox 0 0 3209 4109; ppageno 0'>
   <div class='ocr_carea' id='block_1_1' title="bbox 350 927 471 986">
    <p class='ocr_par' dir='ltr' id='par_1_1' title="bbox 350 927 471 986">
     <span class='ocr_line' id='line_1_1' title="bbox 350 927 471 986; baseline 0.008 -1"><span class='ocrx_word' id='word_1_1' title='bbox 350 927 471 986; x_wconf 88' lang='grc'><strong>400</strong></span> 
     </span>
    </p>
   </div>
   <div class='ocr_carea' id='block_1_2' title="bbox 353 1416 474 1475">
    <p class='ocr_par' dir='ltr' id='par_1_2' title="bbox 353 1416 474 1475">
     <span class='ocr_line' id='line_1_2' title="bbox 353 1416 474 1475; baseline 0 -1"><span class='ocrx_word' id='word_1_2' title='bbox 353 1416 474 1475; x_wconf 87' lang='grc'><strong>405</strong></span> 
     </span>
    </p>
   </div>
   <div class='ocr_carea' id='block_1_3' title="bbox 356 1903 476 1962">
    <p class='ocr_par' dir='ltr' id='par_1_3' title="bbox 356 1903 476 1962">
     <span class='ocr_line' id='line_1_3' title="bbox 356 1903 476 1962; baseline 0 0"><span class='ocrx_word' id='word_1_3' title='bbox 356 1903 476 1962; x_wconf 89' lang='grc'><strong>410</strong></span> 
     </span>
    </p>
   </div>
   <div class='ocr_carea' id='block_1_4' title="bbox 355 2587 474 2645">
    <p class='ocr_par' dir='ltr' id='par_1_4' title="bbox 355 2587 474 2645">
     <span class='ocr_line' id='line_1_4' title="bbox 355 2587 474 2645; baseline 0.008 -1"><span class='ocrx_word' id='word_1_4' title='bbox 355 2587 474 2645; x_wconf 90' lang='grc'><strong>415</strong></span> 
     </span>
    </p>
   </div>
   <div class='ocr_carea' id='block_1_5' title="bbox 355 3267 474 3326">
    <p class='ocr_par' dir='ltr' id='par_1_5' title="bbox 355 3267 474 3326">
     <span class='ocr_line' id='line_1_5' title="bbox 355 3267 474 3326; baseline 0 0"><span class='ocrx_word' id='word_1_5' title='bbox 355 3267 474 3326; x_wconf 88' lang='grc'><strong>420</strong></span> 
     </span>
    </p>
   </div>
   <div class='ocr_carea' id='block_1_6' title="bbox 1428 256 2869 322">
    <p class='ocr_par' dir='ltr' id='par_1_6' title="bbox 1428 256 2869 322">
     <span class='ocr_line' id='line_1_6' title="bbox 1428 256 2869 322; baseline 0.001 -17"><span class='ocrx_word' id='word_1_6' title='bbox 1428 256 1792 306; x_wconf 81' lang='lat' dir='ltr'><em>PHORMIO.</em></span> <span class='ocrx_word' id='word_1_7' title='bbox 2616 256 2869 322; x_wconf 70' lang='lat' dir='ltr'><strong>[iii-249·-</strong></span> 
     </span>
    </p>
   </div>
   <div class='ocr_carea' id='block_1_7' title="bbox 532 436 2706 3619">
    <p class='ocr_par' dir='ltr' id='par_1_7' title="bbox 532 436 2706 3619">
     <span class='ocr_line' id='line_1_7' title="bbox 532 436 2355 513; baseline -0.001 -14"><span class='ocrx_word' id='word_1_8' title='bbox 532 442 649 499; x_wconf 67' lang='lat' dir='ltr'><strong>DE.</strong></span> <span class='ocrx_word' id='word_1_9' title='bbox 678 440 773 498; x_wconf 89' lang='lat' dir='ltr'><strong>Ita</strong></span> <span class='ocrx_word' id='word_1_10' title='bbox 797 447 864 498; x_wconf 88' lang='lat' dir='ltr'><strong>ut</strong></span> <span class='ocrx_word' id='word_1_11' title='bbox 890 436 1059 497; x_wconf 79' lang='lat' dir='ltr'><strong>dicis,</strong></span> <span class='ocrx_word' id='word_1_12' title='bbox 1142 453 1257 513; x_wconf 87' lang='lat' dir='ltr'><strong>ego</strong></span> <span class='ocrx_word' id='word_1_13' title='bbox 1285 445 1411 496; x_wconf 89' lang='lat' dir='ltr'><strong>tum</strong></span> <span class='ocrx_word' id='word_1_14' title='bbox 1439 455 1625 513; x_wconf 88' lang='lat' dir='ltr'><strong>quom</strong></span> <span class='ocrx_word' id='word_1_15' title='bbox 1653 436 2049 510; x_wconf 63' lang='lat' dir='ltr'><strong>aduenissem‚</strong></span> <span class='ocrx_word' id='word_1_16' title='bbox 2078 440 2181 513; x_wconf 80' lang='lat' dir='ltr'><strong>qui</strong></span> <span class='ocrx_word' id='word_1_17' title='bbox 2210 437 2355 497; x_wconf 90' lang='lat' dir='ltr'><strong>mihi</strong></span> 
     </span>
     <span class='ocr_line' id='line_1_8' title="bbox 674 534 2105 613; baseline -0.001 -16"><span class='ocrx_word' id='word_1_18' title='bbox 674 538 946 613; x_wconf 64' lang='lat' dir='ltr'><strong>Cognata</strong></span> <span class='ocrx_word' id='word_1_19' title='bbox 973 553 1046 595; x_wconf 84' lang='lat' dir='ltr'><strong>ea</strong></span> <span class='ocrx_word' id='word_1_20' title='bbox 1074 545 1248 608; x_wconf 86' lang='lat' dir='ltr'><strong>esset,</strong></span> <span class='ocrx_word' id='word_1_21' title='bbox 1278 534 1576 595; x_wconf 84' lang='lat' dir='ltr'><strong>dicerem:</strong></span> <span class='ocrx_word' id='word_1_22' title='bbox 1623 535 1832 595; x_wconf 89' lang='lat' dir='ltr'><strong>itidem</strong></span> <span class='ocrx_word' id='word_1_23' title='bbox 1861 538 1922 594; x_wconf 82' lang='lat' dir='ltr'><strong>t1&#39;1</strong></span> <span class='ocrx_word' id='word_1_24' title='bbox 1958 535 2105 595; x_wconf 79' lang='lat' dir='ltr'><strong>sace.</strong></span> 
     </span>
     <span class='ocr_line' id='line_1_9' title="bbox 675 631 2702 710; baseline -0.001 -16"><span class='ocrx_word' id='word_1_25' title='bbox 675 634 848 694; x_wconf 90' lang='lat' dir='ltr'>Cedo</span> <span class='ocrx_word' id='word_1_26' title='bbox 875 633 978 709; x_wconf 92' lang='lat' dir='ltr'><strong>qui</strong></span> <span class='ocrx_word' id='word_1_27' title='bbox 1005 635 1095 693; x_wconf 88' lang='lat' dir='ltr'><strong>est</strong></span> <span class='ocrx_word' id='word_1_28' title='bbox 1122 634 1418 709; x_wconf 83' lang='lat' dir='ltr'><strong>cognata?</strong></span> <span class='ocrx_word' id='word_1_29' title='bbox 1497 633 1613 693; x_wconf 71' lang='lat' dir='ltr'><strong>Gn.</strong></span> <span class='ocrx_word' id='word_1_30' title='bbox 1652 633 1850 710; x_wconf 81' lang='lat' dir='ltr'><em>(aside</em></span> <span class='ocrx_word' id='word_1_31' title='bbox 1886 641 1941 691; x_wconf 83' lang='lat' dir='ltr'><strong>to</strong></span> <span class='ocrx_word' id='word_1_32' title='bbox 1980 631 2303 710; x_wconf 74' lang='lat' dir='ltr'><strong>Dmmxo)</strong></span> <span class='ocrx_word' id='word_1_33' title='bbox 2343 634 2454 706; x_wconf 88' lang='lat' dir='ltr'><strong>Eu,</strong></span> <span class='ocrx_word' id='word_1_34' title='bbox 2483 636 2702 704; x_wconf 84' lang='lat' dir='ltr'><strong>noster,</strong></span> 
     </span>
     <span class='ocr_line' id='line_1_10' title="bbox 1156 730 2703 809; baseline -0.001 -19"><span class='ocrx_word' id='word_1_35' title='bbox 1156 741 1338 790; x_wconf 88' lang='lat' dir='ltr'><strong>recte.</strong></span> <span class='ocrx_word' id='word_1_36' title='bbox 1416 730 1801 809; x_wconf 78' lang='lat' dir='ltr'><strong>(warm’ngly,</strong></span> <span class='ocrx_word' id='word_1_37' title='bbox 1825 739 1881 789; x_wconf 85' lang='lat' dir='ltr'><strong>to</strong></span> <span class='ocrx_word' id='word_1_38' title='bbox 1911 730 2226 808; x_wconf 71' lang='lat' dir='ltr'><strong>Pnokmo)</strong></span> <span class='ocrx_word' id='word_1_39' title='bbox 2257 730 2403 790; x_wconf 84' lang='lat' dir='ltr'><strong>heus</strong></span> <span class='ocrx_word' id='word_1_40' title='bbox 2431 734 2515 803; x_wconf 77' lang='lat' dir='ltr'><strong>tu,</strong></span> <span class='ocrx_word' id='word_1_41' title='bbox 2537 748 2703 789; x_wconf 88' lang='lat' dir='ltr'><strong>caue.</strong></span> 
     </span>
     <span class='ocr_line' id='line_1_11' title="bbox 536 828 1922 905; baseline -0.001 -16"><span class='ocrx_word' id='word_1_42' title='bbox 536 832 647 889; x_wconf 88' lang='grc' dir='ltr'><strong>ΡΗ.</strong></span> <span class='ocrx_word' id='word_1_43' title='bbox 679 828 955 888; x_wconf 75' lang='lat' dir='ltr'><strong>Dilucide</strong></span> <span class='ocrx_word' id='word_1_44' title='bbox 983 828 1263 905; x_wconf 81' lang='lat' dir='ltr'><strong>expediui</strong></span> <span class='ocrx_word' id='word_1_45' title='bbox 1292 828 1504 903; x_wconf 89' lang='lat' dir='ltr'><strong>quibus</strong></span> <span class='ocrx_word' id='word_1_46' title='bbox 1534 846 1633 888; x_wconf 89' lang='lat' dir='ltr'><strong>me</strong></span> <span class='ocrx_word' id='word_1_47' title='bbox 1660 828 1922 904; x_wconf 82' lang='lat' dir='ltr'><strong>oportuit</strong></span> 
     </span>
     <span class='ocr_line' id='line_1_12' title="bbox 675 925 2010 999; baseline -0.001 -13"><span class='ocrx_word' id='word_1_48' title='bbox 675 926 1016 986; x_wconf 81' lang='lat' dir='ltr'><strong>Iudicibus:</strong></span> <span class='ocrx_word' id='word_1_49' title='bbox 1063 935 1188 985; x_wconf 89' lang='lat' dir='ltr'><strong>tum</strong></span> <span class='ocrx_word' id='word_1_50' title='bbox 1217 926 1280 985; x_wconf 92' lang='lat' dir='ltr'><strong>id</strong></span> <span class='ocrx_word' id='word_1_51' title='bbox 1309 926 1357 985; x_wconf 89' lang='lat' dir='ltr'><strong>si</strong></span> <span class='ocrx_word' id='word_1_52' title='bbox 1386 925 1593 985; x_wconf 61' lang='lat' dir='ltr'><strong>falsum</strong></span> <span class='ocrx_word' id='word_1_53' title='bbox 1624 926 1829 999; x_wconf 85' lang='lat' dir='ltr'><strong>fuerat,</strong></span> <span class='ocrx_word' id='word_1_54' title='bbox 1859 926 2010 985; x_wconf 80' lang='lat' dir='ltr'><strong>filius</strong></span> 
     </span>
     <span class='ocr_line' id='line_1_13' title="bbox 677 1024 2170 1100; baseline -0.001 -16"><span class='ocrx_word' id='word_1_55' title='bbox 677 1026 846 1100; x_wconf 89' lang='lat' dir='ltr'><strong>Quor</strong></span> <span class='ocrx_word' id='word_1_56' title='bbox 871 1028 994 1084; x_wconf 83' lang='lat' dir='ltr'><strong>non</strong></span> <span class='ocrx_word' id='word_1_57' title='bbox 1021 1024 1273 1083; x_wconf 85' lang='lat' dir='ltr'><strong>refellit?</strong></span> <span class='ocrx_word' id='word_1_58' title='bbox 1354 1024 1469 1083; x_wconf 76' lang='lat' dir='ltr'><strong>DE.</strong></span> <span class='ocrx_word' id='word_1_59' title='bbox 1514 1024 1728 1082; x_wconf 80' lang='lat' dir='ltr'><strong>Filium</strong></span> <span class='ocrx_word' id='word_1_60' title='bbox 1756 1027 1955 1083; x_wconf 58' lang='lat' dir='ltr'><strong>narras</strong></span> <span class='ocrx_word' id='word_1_61' title='bbox 1983 1024 2170 1082; x_wconf 79' lang='lat' dir='ltr'><strong>mihi?</strong></span> 
     </span>
     <span class='ocr_line' id='line_1_14' title="bbox 675 1121 2252 1199; baseline -0.001 -17"><span class='ocrx_word' id='word_1_62' title='bbox 675 1124 904 1199; x_wconf 87' lang='lat' dir='ltr'><strong>Quoius</strong></span> <span class='ocrx_word' id='word_1_63' title='bbox 933 1121 1009 1181; x_wconf 88' lang='lat' dir='ltr'><strong>de</strong></span> <span class='ocrx_word' id='word_1_64' title='bbox 1039 1121 1284 1181; x_wconf 88' lang='lat' dir='ltr'><strong>stultitia</strong></span> <span class='ocrx_word' id='word_1_65' title='bbox 1310 1121 1432 1181; x_wconf 82' lang='lat' dir='ltr'><strong>dici</strong></span> <span class='ocrx_word' id='word_1_66' title='bbox 1459 1131 1526 1180; x_wconf 94' lang='lat' dir='ltr'><strong>ut</strong></span> <span class='ocrx_word' id='word_1_67' title='bbox 1552 1121 1855 1198; x_wconf 84' lang='lat' dir='ltr'><strong>dignumst</strong></span> <span class='ocrx_word' id='word_1_68' title='bbox 1883 1125 2006 1181; x_wconf 83' lang='lat' dir='ltr'><strong>non</strong></span> <span class='ocrx_word' id='word_1_69' title='bbox 2033 1131 2252 1198; x_wconf 86' lang='lat' dir='ltr'><strong>potest.</strong></span> 
     </span>
     <span class='ocr_line' id='line_1_15' title="bbox 536 1218 2303 1299; baseline -0.002 -18"><span class='ocrx_word' id='word_1_70' title='bbox 536 1224 648 1281; x_wconf 83' lang='lat' dir='ltr'><strong>PH.</strong></span> <span class='ocrx_word' id='word_1_71' title='bbox 685 1218 1057 1299; x_wconf 83' lang='lat' dir='ltr'><strong>(irom&#39;cally)</strong></span> <span class='ocrx_word' id='word_1_72' title='bbox 1096 1221 1175 1278; x_wconf 90' lang='lat' dir='ltr'><strong>At</strong></span> <span class='ocrx_word' id='word_1_73' title='bbox 1202 1222 1264 1277; x_wconf 65' lang='grc' dir='ltr'><strong>τύ</strong></span> <span class='ocrx_word' id='word_1_74' title='bbox 1294 1219 1397 1295; x_wconf 92' lang='lat' dir='ltr'><strong>qui</strong></span> <span class='ocrx_word' id='word_1_75' title='bbox 1426 1219 1663 1295; x_wconf 85' lang='lat' dir='ltr'><strong>sapiens</strong></span> <span class='ocrx_word' id='word_1_76' title='bbox 1689 1221 1755 1278; x_wconf 90' lang='lat' dir='ltr'><strong>es</strong></span> <span class='ocrx_word' id='word_1_77' title='bbox 1783 1220 2154 1296; x_wconf 61' lang='lat' dir='ltr'><strong>magistrates</strong></span> <span class='ocrx_word' id='word_1_78' title='bbox 2182 1219 2303 1291; x_wconf 87' lang='lat' dir='ltr'><strong>adi,</strong></span> 
     </span>
     <span class='ocr_line' id='line_1_16' title="bbox 679 1316 2300 1389; baseline -0.002 -12"><span class='ocrx_word' id='word_1_79' title='bbox 679 1318 973 1378; x_wconf 84' lang='lat' dir='ltr'>Iudicium</span> <span class='ocrx_word' id='word_1_80' title='bbox 1003 1317 1080 1376; x_wconf 92' lang='lat' dir='ltr'><strong>de</strong></span> <span class='ocrx_word' id='word_1_81' title='bbox 1110 1316 1324 1376; x_wconf 85' lang='lat' dir='ltr'><strong>eadem</strong></span> <span class='ocrx_word' id='word_1_82' title='bbox 1353 1320 1530 1376; x_wconf 74' lang='lat' dir='ltr'><strong>causa</strong></span> <span class='ocrx_word' id='word_1_83' title='bbox 1557 1317 1770 1376; x_wconf 88' lang='lat' dir='ltr'><strong>iterum</strong></span> <span class='ocrx_word' id='word_1_84' title='bbox 1799 1327 1865 1376; x_wconf 90' lang='lat' dir='ltr'><strong>ut</strong></span> <span class='ocrx_word' id='word_1_85' title='bbox 1890 1316 2145 1376; x_wconf 62' lang='lat' dir='ltr'><strong>reddant</strong></span> <span class='ocrx_word' id='word_1_86' title='bbox 2173 1317 2300 1389; x_wconf 86' lang='lat' dir='ltr'><strong>tibi,</strong></span> 
     </span>
     <span class='ocr_line' id='line_1_17' title="bbox 677 1414 1995 1492; baseline -0.002 -16"><span class='ocrx_word' id='word_1_87' title='bbox 677 1414 1184 1492; x_wconf 67' lang='lat' dir='ltr'><strong>Quandoquidem</strong></span> <span class='ocrx_word' id='word_1_88' title='bbox 1213 1415 1369 1473; x_wconf 87' lang='lat' dir='ltr'><strong>solus</strong></span> <span class='ocrx_word' id='word_1_89' title='bbox 1394 1417 1604 1491; x_wconf 83' lang='lat' dir='ltr'><strong>regnas</strong></span> <span class='ocrx_word' id='word_1_90' title='bbox 1632 1424 1693 1474; x_wconf 90' lang='lat' dir='ltr'><strong>et</strong></span> <span class='ocrx_word' id='word_1_91' title='bbox 1721 1415 1830 1473; x_wconf 81' lang='lat' dir='ltr'><strong>soli</strong></span> <span class='ocrx_word' id='word_1_92' title='bbox 1856 1414 1995 1473; x_wconf 90' lang='lat' dir='ltr'><strong>licet</strong></span> 
     </span>
     <span class='ocr_line' id='line_1_18' title="bbox 679 1512 2086 1589; baseline -0.001 -16"><span class='ocrx_word' id='word_1_93' title='bbox 679 1515 802 1573; x_wconf 92' lang='lat' dir='ltr'><strong>Hic</strong></span> <span class='ocrx_word' id='word_1_94' title='bbox 830 1514 908 1573; x_wconf 89' lang='lat' dir='ltr'><strong>de</strong></span> <span class='ocrx_word' id='word_1_95' title='bbox 938 1513 1152 1572; x_wconf 56' lang='lat' dir='ltr'><strong>eedem</strong></span> <span class='ocrx_word' id='word_1_96' title='bbox 1180 1531 1358 1571; x_wconf 89' lang='lat' dir='ltr'><strong>causa</strong></span> <span class='ocrx_word' id='word_1_97' title='bbox 1384 1512 1474 1572; x_wconf 84' lang='lat' dir='ltr'><strong>bis</strong></span> <span class='ocrx_word' id='word_1_98' title='bbox 1501 1512 1785 1571; x_wconf 91' lang='lat' dir='ltr'><strong>iudicium</strong></span> <span class='ocrx_word' id='word_1_99' title='bbox 1812 1512 2086 1589; x_wconf 80' lang='lat' dir='ltr'><strong>apiscier.</strong></span> 
     </span>
     <span class='ocr_line' id='line_1_19' title="bbox 536 1610 1946 1683; baseline -0.002 -12"><span class='ocrx_word' id='word_1_100' title='bbox 536 1614 650 1671; x_wconf 82' lang='lat' dir='ltr'><strong>DE.</strong></span> <span class='ocrx_word' id='word_1_101' title='bbox 682 1613 810 1671; x_wconf 83' lang='lat' dir='ltr'><strong>Etsi</strong></span> <span class='ocrx_word' id='word_1_102' title='bbox 838 1611 981 1670; x_wconf 90' lang='lat' dir='ltr'><strong>mihi</strong></span> <span class='ocrx_word' id='word_1_103' title='bbox 1011 1612 1166 1669; x_wconf 85' lang='lat' dir='ltr'><strong>facta</strong></span> <span class='ocrx_word' id='word_1_104' title='bbox 1193 1610 1476 1683; x_wconf 66' lang='lat' dir='ltr'><strong>militiast,</strong></span> <span class='ocrx_word' id='word_1_105' title='bbox 1504 1613 1716 1669; x_wconf 73' lang='lat' dir='ltr'><strong>uerum</strong></span> <span class='ocrx_word' id='word_1_106' title='bbox 1744 1619 1946 1668; x_wconf 86' lang='lat' dir='ltr'><strong>tamen</strong></span> 
     </span>
     <span class='ocr_line' id='line_1_20' title="bbox 680 1708 2163 1784; baseline -0.001 -16"><span class='ocrx_word' id='word_1_107' title='bbox 680 1709 882 1768; x_wconf 72' lang='lat' dir='ltr'><strong>Potius</strong></span> <span class='ocrx_word' id='word_1_108' title='bbox 909 1727 1089 1784; x_wconf 87' lang='lat' dir='ltr'><strong>quam</strong></span> <span class='ocrx_word' id='word_1_109' title='bbox 1116 1708 1232 1766; x_wconf 87' lang='lat' dir='ltr'><strong>litis</strong></span> <span class='ocrx_word' id='word_1_110' title='bbox 1262 1710 1453 1766; x_wconf 88' lang='lat' dir='ltr'><strong>secter</strong></span> <span class='ocrx_word' id='word_1_111' title='bbox 1480 1717 1583 1766; x_wconf 91' lang='lat' dir='ltr'><strong>aut</strong></span> <span class='ocrx_word' id='word_1_112' title='bbox 1610 1725 1791 1783; x_wconf 86' lang='lat' dir='ltr'><strong>quam</strong></span> <span class='ocrx_word' id='word_1_113' title='bbox 1817 1718 1877 1767; x_wconf 86' lang='lat' dir='ltr'><strong>te</strong></span> <span class='ocrx_word' id='word_1_114' title='bbox 1906 1708 2163 1780; x_wconf 74' lang='lat' dir='ltr'><strong>audiam,</strong></span> 
     </span>
     <span class='ocr_line' id='line_1_21' title="bbox 681 1805 2076 1881; baseline -0.001 -15"><span class='ocrx_word' id='word_1_115' title='bbox 681 1806 900 1867; x_wconf 87' lang='lat' dir='ltr'><strong>Itidem</strong></span> <span class='ocrx_word' id='word_1_116' title='bbox 929 1807 995 1864; x_wconf 76' lang='lat' dir='ltr'><strong>ut</strong></span> <span class='ocrx_word' id='word_1_117' title='bbox 1022 1815 1277 1881; x_wconf 84' lang='lat' dir='ltr'><strong>cognata</strong></span> <span class='ocrx_word' id='word_1_118' title='bbox 1306 1808 1354 1865; x_wconf 85' lang='lat' dir='ltr'><strong>si</strong></span> <span class='ocrx_word' id='word_1_119' title='bbox 1382 1806 1474 1878; x_wconf 88' lang='lat' dir='ltr'><strong>sit,</strong></span> <span class='ocrx_word' id='word_1_120' title='bbox 1503 1805 1568 1864; x_wconf 90' lang='lat' dir='ltr'><strong>id</strong></span> <span class='ocrx_word' id='word_1_121' title='bbox 1595 1805 1761 1880; x_wconf 91' lang='lat' dir='ltr'><strong>quod</strong></span> <span class='ocrx_word' id='word_1_122' title='bbox 1788 1806 1885 1863; x_wconf 85' lang='lat' dir='ltr'><strong>lex</strong></span> <span class='ocrx_word' id='word_1_123' title='bbox 1912 1806 2076 1865; x_wconf 91' lang='lat' dir='ltr'><strong>iubet</strong></span> 
     </span>
     <span class='ocr_line' id='line_1_22' title="bbox 676 1902 2235 1979; baseline 0 -18"><span class='ocrx_word' id='word_1_124' title='bbox 676 1904 850 1963; x_wconf 83' lang='lat' dir='ltr'><strong>Dotis</strong></span> <span class='ocrx_word' id='word_1_125' title='bbox 879 1904 1040 1975; x_wconf 85' lang='lat' dir='ltr'><strong>dare,</strong></span> <span class='ocrx_word' id='word_1_126' title='bbox 1071 1902 1268 1963; x_wconf 86' lang='lat' dir='ltr'><strong>abduc</strong></span> <span class='ocrx_word' id='word_1_127' title='bbox 1296 1902 1470 1975; x_wconf 58' lang='lat' dir='ltr'><strong>hene,</strong></span> <span class='ocrx_word' id='word_1_128' title='bbox 1501 1903 1689 1961; x_wconf 87' lang='lat' dir='ltr'><strong>minas</strong></span> <span class='ocrx_word' id='word_1_129' title='bbox 1717 1903 1978 1978; x_wconf 90' lang='lat' dir='ltr'><strong>quinque</strong></span> <span class='ocrx_word' id='word_1_130' title='bbox 2008 1903 2235 1979; x_wconf 64' lang='lat' dir='ltr'><strong>Accipe.</strong></span> 
     </span>
     <span class='ocr_line' id='line_1_23' title="bbox 541 1998 2704 2077; baseline -0.001 -17"><span class='ocrx_word' id='word_1_131' title='bbox 541 2004 652 2060; x_wconf 75' lang='lat' dir='ltr'><strong>Pu.</strong></span> <span class='ocrx_word' id='word_1_132' title='bbox 687 1998 1030 2077; x_wconf 79' lang='lat' dir='ltr'><em>(laughing)</em></span> <span class='ocrx_word' id='word_1_133' title='bbox 1070 2000 1382 2074; x_wconf 85' lang='lat' dir='ltr'><strong>Hahahae‚</strong></span> <span class='ocrx_word' id='word_1_134' title='bbox 1412 2000 1595 2059; x_wconf 91' lang='lat' dir='ltr'><strong>homo</strong></span> <span class='ocrx_word' id='word_1_135' title='bbox 1625 2001 1838 2059; x_wconf 84' lang='lat' dir='ltr'><strong>suauis.</strong></span> <span class='ocrx_word' id='word_1_136' title='bbox 1923 2001 2040 2059; x_wconf 77' lang='lat' dir='ltr'><strong>DE.</strong></span> <span class='ocrx_word' id='word_1_137' title='bbox 2085 2000 2247 2075; x_wconf 85' lang='lat' dir='ltr'><strong>Quid</strong></span> <span class='ocrx_word' id='word_1_138' title='bbox 2275 2000 2408 2059; x_wconf 80' lang='lat' dir='ltr'><strong>est?</strong></span> <span class='ocrx_word' id='word_1_139' title='bbox 2433 2018 2575 2059; x_wconf 88' lang='lat' dir='ltr'><strong>num</strong></span> <span class='ocrx_word' id='word_1_140' title='bbox 2596 2000 2704 2058; x_wconf 89' lang='lat' dir='ltr'><strong>ini-</strong></span> 
     </span>
     <span class='ocr_line' id='line_1_24' title="bbox 1159 2098 1653 2175; baseline 0 -20"><span class='ocrx_word' id='word_1_141' title='bbox 1159 2117 1343 2173; x_wconf 88' lang='lat' dir='ltr'><strong>quom</strong></span> <span class='ocrx_word' id='word_1_142' title='bbox 1371 2098 1653 2175; x_wconf 75' lang='lat' dir='ltr'><strong>pestulo?</strong></span> 
     </span>
     <span class='ocr_line' id='line_1_25' title="bbox 678 2194 2517 2272; baseline 0 -18"><span class='ocrx_word' id='word_1_143' title='bbox 678 2198 773 2254; x_wconf 88' lang='lat' dir='ltr'><strong>An</strong></span> <span class='ocrx_word' id='word_1_144' title='bbox 799 2214 875 2254; x_wconf 89' lang='lat' dir='ltr'><strong>ne</strong></span> <span class='ocrx_word' id='word_1_145' title='bbox 905 2195 1022 2255; x_wconf 83' lang='lat' dir='ltr'><strong>hoc</strong></span> <span class='ocrx_word' id='word_1_146' title='bbox 1050 2194 1294 2270; x_wconf 90' lang='lat' dir='ltr'><strong>quidem</strong></span> <span class='ocrx_word' id='word_1_147' title='bbox 1323 2214 1436 2271; x_wconf 86' lang='lat' dir='ltr'><strong>ego</strong></span> <span class='ocrx_word' id='word_1_148' title='bbox 1465 2195 1776 2270; x_wconf 83' lang='lat' dir='ltr'><strong>adipiscar,</strong></span> <span class='ocrx_word' id='word_1_149' title='bbox 1806 2195 1971 2271; x_wconf 94' lang='lat' dir='ltr'><strong>quod</strong></span> <span class='ocrx_word' id='word_1_150' title='bbox 1999 2196 2087 2254; x_wconf 89' lang='lat' dir='ltr'><strong>ius</strong></span> <span class='ocrx_word' id='word_1_151' title='bbox 2116 2196 2517 2272; x_wconf 74' lang='lat' dir='ltr'><strong>publicumst?</strong></span> 
     </span>
     <span class='ocr_line' id='line_1_26' title="bbox 539 2291 2702 2373; baseline -0.001 -20"><span class='ocrx_word' id='word_1_152' title='bbox 539 2297 650 2353; x_wconf 87' lang='grc' dir='ltr'><strong>ΡΗ.</strong></span> <span class='ocrx_word' id='word_1_153' title='bbox 687 2294 996 2373; x_wconf 83' lang='lat' dir='ltr'><em>(affecting</em></span> <span class='ocrx_word' id='word_1_154' title='bbox 1031 2291 1436 2370; x_wconf 65' lang='lat' dir='ltr'><strong>indtjgnation)</strong></span> <span class='ocrx_word' id='word_1_155' title='bbox 1475 2295 1610 2353; x_wconf 87' lang='lat' dir='ltr'><strong>Itan</strong></span> <span class='ocrx_word' id='word_1_156' title='bbox 1651 2292 1913 2366; x_wconf 64' lang='lat' dir='ltr'><strong>taudem,</strong></span> <span class='ocrx_word' id='word_1_157' title='bbox 1942 2311 2185 2368; x_wconf 70' lang='lat' dir='ltr'><strong>quaem,</strong></span> <span class='ocrx_word' id='word_1_158' title='bbox 2221 2294 2365 2351; x_wconf 91' lang='lat' dir='ltr'><strong>item</strong></span> <span class='ocrx_word' id='word_1_159' title='bbox 2407 2296 2473 2350; x_wconf 82' lang='lat' dir='ltr'><strong>1&#39;1t</strong></span> <span class='ocrx_word' id='word_1_160' title='bbox 2513 2310 2702 2351; x_wconf 89' lang='lat' dir='ltr'><strong>mere-</strong></span> 
     </span>
     <span class='ocr_line' id='line_1_27' title="bbox 1162 2391 1867 2464; baseline 0.003 -16"><span class='ocrx_word' id='word_1_161' title='bbox 1162 2391 1369 2449; x_wconf 88' lang='lat' dir='ltr'><strong>tricem</strong></span> <span class='ocrx_word' id='word_1_162' title='bbox 1395 2391 1497 2450; x_wconf 92' lang='lat' dir='ltr'><strong>ubi</strong></span> <span class='ocrx_word' id='word_1_163' title='bbox 1526 2391 1743 2450; x_wconf 72' lang='lat' dir='ltr'><strong>abusus</strong></span> <span class='ocrx_word' id='word_1_164' title='bbox 1770 2391 1867 2464; x_wconf 66' lang='grc' dir='ltr'><strong>εἰς,</strong></span> 
     </span>
     <span class='ocr_line' id='line_1_28' title="bbox 678 2488 2147 2564; baseline 0 -17"><span class='ocrx_word' id='word_1_165' title='bbox 678 2488 1026 2547; x_wconf 75' lang='lat' dir='ltr'><strong>Mercedem</strong></span> <span class='ocrx_word' id='word_1_166' title='bbox 1054 2488 1197 2548; x_wconf 84' lang='lat' dir='ltr'><strong>dare</strong></span> <span class='ocrx_word' id='word_1_167' title='bbox 1225 2489 1321 2547; x_wconf 82' lang='lat' dir='ltr'><strong>lex</strong></span> <span class='ocrx_word' id='word_1_168' title='bbox 1347 2489 1514 2548; x_wconf 73' lang='lat' dir='ltr'><strong>iubet</strong></span> <span class='ocrx_word' id='word_1_169' title='bbox 1543 2492 1596 2547; x_wconf 81' lang='lat' dir='ltr'><strong>ei</strong></span> <span class='ocrx_word' id='word_1_170' title='bbox 1625 2499 1803 2564; x_wconf 90' lang='lat' dir='ltr'><strong>atque</strong></span> <span class='ocrx_word' id='word_1_171' title='bbox 1834 2492 2102 2547; x_wconf 86' lang='lat' dir='ltr'><strong>amittere</strong></span> <span class='ocrx_word' id='word_1_172' title='bbox 2119 2490 2147 2547; x_wconf 85' lang='lat'><strong>?</strong></span> 
     </span>
     <span class='ocr_line' id='line_1_29' title="bbox 675 2585 2084 2662; baseline 0 -18"><span class='ocrx_word' id='word_1_173' title='bbox 675 2588 786 2659; x_wconf 88' lang='lat' dir='ltr'><strong>An,</strong></span> <span class='ocrx_word' id='word_1_174' title='bbox 815 2595 879 2644; x_wconf 90' lang='lat' dir='ltr'><strong>ut</strong></span> <span class='ocrx_word' id='word_1_175' title='bbox 906 2589 983 2645; x_wconf 88' lang='lat' dir='ltr'><strong>ne</strong></span> <span class='ocrx_word' id='word_1_176' title='bbox 1013 2585 1159 2661; x_wconf 92' lang='lat' dir='ltr'><strong>quid</strong></span> <span class='ocrx_word' id='word_1_177' title='bbox 1187 2596 1356 2662; x_wconf 89' lang='lat' dir='ltr'><strong>turpe</strong></span> <span class='ocrx_word' id='word_1_178' title='bbox 1386 2587 1532 2645; x_wconf 85' lang='lat' dir='ltr'><strong>ciuis</strong></span> <span class='ocrx_word' id='word_1_179' title='bbox 1558 2587 1622 2644; x_wconf 88' lang='lat' dir='ltr'><strong>in</strong></span> <span class='ocrx_word' id='word_1_180' title='bbox 1649 2605 1714 2645; x_wconf 90' lang='lat' dir='ltr'><strong>se</strong></span> <span class='ocrx_word' id='word_1_181' title='bbox 1742 2586 2084 2645; x_wconf 85' lang='lat' dir='ltr'><strong>admitteret</strong></span> 
     </span>
     <span class='ocr_line' id='line_1_30' title="bbox 680 2684 2035 2760; baseline -0.001 -18"><span class='ocrx_word' id='word_1_182' title='bbox 680 2686 928 2760; x_wconf 77' lang='lat' dir='ltr'><strong>Propter</strong></span> <span class='ocrx_word' id='word_1_183' title='bbox 955 2693 1300 2759; x_wconf 85' lang='lat' dir='ltr'><strong>egestatem,</strong></span> <span class='ocrx_word' id='word_1_184' title='bbox 1329 2688 1621 2760; x_wconf 79' lang='lat' dir='ltr'><strong>proxumo</strong></span> <span class='ocrx_word' id='word_1_185' title='bbox 1650 2684 1859 2743; x_wconf 61' lang='lat' dir='ltr'><strong>iussest</strong></span> <span class='ocrx_word' id='word_1_186' title='bbox 1888 2684 2035 2755; x_wconf 81' lang='lat' dir='ltr'><strong>dari,</strong></span> 
     </span>
     <span class='ocr_line' id='line_1_31' title="bbox 675 2780 2180 2856; baseline 0 -18"><span class='ocrx_word' id='word_1_187' title='bbox 675 2782 757 2839; x_wconf 93' lang='lat' dir='ltr'><strong>Vt</strong></span> <span class='ocrx_word' id='word_1_188' title='bbox 782 2800 918 2839; x_wconf 90' lang='lat' dir='ltr'><strong>cum</strong></span> <span class='ocrx_word' id='word_1_189' title='bbox 950 2784 1071 2839; x_wconf 71' lang='lat' dir='ltr'><strong>(mo</strong></span> <span class='ocrx_word' id='word_1_190' title='bbox 1100 2791 1356 2839; x_wconf 87' lang='lat' dir='ltr'><strong>aetatem</strong></span> <span class='ocrx_word' id='word_1_191' title='bbox 1384 2780 1670 2856; x_wconf 78' lang='lat' dir='ltr'><strong>degeret?</strong></span> <span class='ocrx_word' id='word_1_192' title='bbox 1708 2780 1872 2856; x_wconf 93' lang='lat' dir='ltr'><strong>quod</strong></span> <span class='ocrx_word' id='word_1_193' title='bbox 1902 2784 1964 2839; x_wconf 76' lang='lat' dir='ltr'><strong>tu</strong></span> <span class='ocrx_word' id='word_1_194' title='bbox 1993 2789 2180 2838; x_wconf 77' lang='lat' dir='ltr'><strong>netas,</strong></span> 
     </span>
     <span class='ocr_line' id='line_1_32' title="bbox 533 2877 2706 2955; baseline -0 -19"><span class='ocrx_word' id='word_1_195' title='bbox 533 2880 649 2937; x_wconf 81' lang='lat' dir='ltr'><strong>DE.</strong></span> <span class='ocrx_word' id='word_1_196' title='bbox 681 2880 790 2951; x_wconf 86' lang='lat' dir='ltr'><strong>Ita,</strong></span> <span class='ocrx_word' id='word_1_197' title='bbox 839 2882 1131 2955; x_wconf 84' lang='lat' dir='ltr'><strong>proxumo</strong></span> <span class='ocrx_word' id='word_1_198' title='bbox 1181 2878 1423 2953; x_wconf 90' lang='lat' dir='ltr'><strong>quidem</strong></span> <span class='ocrx_word' id='word_1_199' title='bbox 1446 2900 1464 2952; x_wconf 74' lang='lat'>5</span> <span class='ocrx_word' id='word_1_200' title='bbox 1515 2882 1576 2937; x_wconf 66' lang='lat' dir='ltr'><strong>At</strong></span> <span class='ocrx_word' id='word_1_201' title='bbox 1624 2897 1733 2936; x_wconf 86' lang='lat' dir='ltr'><strong>nos</strong></span> <span class='ocrx_word' id='word_1_202' title='bbox 1782 2877 1986 2937; x_wconf 85' lang='lat' dir='ltr'><strong>unde?</strong></span> <span class='ocrx_word' id='word_1_203' title='bbox 2033 2887 2133 2936; x_wconf 87' lang='lat' dir='ltr'><strong>aut</strong></span> <span class='ocrx_word' id='word_1_204' title='bbox 2182 2895 2361 2952; x_wconf 86' lang='lat' dir='ltr'><strong>quam</strong></span> <span class='ocrx_word' id='word_1_205' title='bbox 2409 2878 2491 2937; x_wconf 83' lang='lat' dir='ltr'><strong>ob</strong></span> <span class='ocrx_word' id='word_1_206' title='bbox 2536 2879 2706 2936; x_wconf 79' lang='lat' dir='ltr'><strong>rem?</strong></span> 
     </span>
     <span class='ocr_line' id='line_1_33' title="bbox 1161 2977 1468 3048; baseline 0 -14"><span class='ocrx_word' id='word_1_207' title='bbox 1161 2977 1267 3034; x_wconf 92' lang='grc' dir='ltr'><strong>ΡΗ.</strong></span> <span class='ocrx_word' id='word_1_208' title='bbox 1314 2977 1468 3048; x_wconf 88' lang='lat' dir='ltr'><strong>Ohe,</strong></span> 
     </span>
     <span class='ocr_line' id='line_1_34' title="bbox 678 3071 2704 3149; baseline -0.001 -17"><span class='ocrx_word' id='word_1_209' title='bbox 678 3076 931 3132; x_wconf 86' lang='lat' dir='ltr'><strong>‘Actum</strong></span> <span class='ocrx_word' id='word_1_210' title='bbox 951 3075 964 3100; x_wconf 95' lang='lat'>’</span> <span class='ocrx_word' id='word_1_211' title='bbox 1016 3073 1180 3132; x_wconf 67' lang='lat' dir='ltr'><strong>aiunt</strong></span> <span class='ocrx_word' id='word_1_212' title='bbox 1236 3078 1251 3105; x_wconf 90' lang='lat'>‘</span> <span class='ocrx_word' id='word_1_213' title='bbox 1270 3092 1346 3133; x_wconf 87' lang='lat' dir='ltr'><strong>ne</strong></span> <span class='ocrx_word' id='word_1_214' title='bbox 1403 3076 1580 3149; x_wconf 63' lang='lat' dir='ltr'>agas!</span> <span class='ocrx_word' id='word_1_215' title='bbox 1666 3076 1784 3132; x_wconf 80' lang='lat' dir='ltr'><strong>DE.</strong></span> <span class='ocrx_word' id='word_1_216' title='bbox 1841 3075 1985 3133; x_wconf 84' lang='lat' dir='ltr'><strong>Non</strong></span> <span class='ocrx_word' id='word_1_217' title='bbox 2038 3074 2250 3148; x_wconf 82' lang='lat' dir='ltr'><strong>agam?</strong></span> <span class='ocrx_word' id='word_1_218' title='bbox 2303 3073 2489 3131; x_wconf 91' lang='lat' dir='ltr'><strong>immo</strong></span> <span class='ocrx_word' id='word_1_219' title='bbox 2544 3071 2704 3130; x_wconf 85' lang='lat' dir='ltr'><strong>haud</strong></span> 
     </span>
     <span class='ocr_line' id='line_1_35' title="bbox 1161 3169 2464 3243; baseline 0 -16"><span class='ocrx_word' id='word_1_220' title='bbox 1161 3169 1446 3243; x_wconf 86' lang='lat' dir='ltr'><strong>desinam,</strong></span> <span class='ocrx_word' id='word_1_221' title='bbox 2457 3171 2464 3178; x_wconf 82' lang='grc'><strong><em>’</em></strong></span> 
     </span>
     <span class='ocr_line' id='line_1_36' title="bbox 679 3266 2494 3343; baseline -0.001 -16"><span class='ocrx_word' id='word_1_222' title='bbox 679 3270 892 3327; x_wconf 87' lang='lat' dir='ltr'><strong>Donec</strong></span> <span class='ocrx_word' id='word_1_223' title='bbox 920 3268 1230 3343; x_wconf 87' lang='lat' dir='ltr'><strong>perfecero</strong></span> <span class='ocrx_word' id='word_1_224' title='bbox 1259 3269 1394 3327; x_wconf 84' lang='lat' dir='ltr'><strong>hoc.</strong></span> <span class='ocrx_word' id='word_1_225' title='bbox 1480 3269 1590 3326; x_wconf 93' lang='grc' dir='ltr'><strong>ΡΗ.</strong></span> <span class='ocrx_word' id='word_1_226' title='bbox 1635 3268 1880 3342; x_wconf 83' lang='lat' dir='ltr'><strong>IneptiS.</strong></span> <span class='ocrx_word' id='word_1_227' title='bbox 1965 3269 2080 3326; x_wconf 74' lang='lat' dir='ltr'><strong>DE.</strong></span> <span class='ocrx_word' id='word_1_228' title='bbox 2125 3269 2260 3327; x_wconf 81' lang='lat' dir='ltr'><strong>Sine</strong></span> <span class='ocrx_word' id='word_1_229' title='bbox 2291 3266 2494 3326; x_wconf 92' lang='lat' dir='ltr'><strong>modo.</strong></span> 
     </span>
     <span class='ocr_line' id='line_1_37' title="bbox 539 3364 2171 3441; baseline 0 -18"><span class='ocrx_word' id='word_1_230' title='bbox 539 3368 648 3424; x_wconf 89' lang='grc' dir='ltr'><strong>ΡΗ.</strong></span> <span class='ocrx_word' id='word_1_231' title='bbox 680 3368 987 3425; x_wconf 87' lang='lat' dir='ltr'><strong>Postremo</strong></span> <span class='ocrx_word' id='word_1_232' title='bbox 1018 3376 1218 3423; x_wconf 89' lang='lat' dir='ltr'><strong>tecum</strong></span> <span class='ocrx_word' id='word_1_233' title='bbox 1244 3365 1327 3423; x_wconf 88' lang='lat' dir='ltr'><strong>nil</strong></span> <span class='ocrx_word' id='word_1_234' title='bbox 1356 3365 1439 3424; x_wconf 90' lang='lat' dir='ltr'><strong>rei</strong></span> <span class='ocrx_word' id='word_1_235' title='bbox 1470 3366 1659 3437; x_wconf 90' lang='lat' dir='ltr'><strong>nobis,</strong></span> <span class='ocrx_word' id='word_1_236' title='bbox 1691 3364 2015 3441; x_wconf 87' lang='lat' dir='ltr'><strong>Demipho,</strong></span> <span class='ocrx_word' id='word_1_237' title='bbox 2045 3375 2171 3423; x_wconf 89' lang='lat' dir='ltr'><strong>est:</strong></span> 
     </span>
     <span class='ocr_line' id='line_1_38' title="bbox 673 3462 2142 3538; baseline -0.001 -16"><span class='ocrx_word' id='word_1_238' title='bbox 673 3465 836 3522; x_wconf 89' lang='lat' dir='ltr'><strong>Tuos</strong></span> <span class='ocrx_word' id='word_1_239' title='bbox 865 3467 954 3521; x_wconf 90' lang='lat' dir='ltr'><strong>est</strong></span> <span class='ocrx_word' id='word_1_240' title='bbox 981 3462 1292 3521; x_wconf 83' lang='lat' dir='ltr'><strong>damnatus</strong></span> <span class='ocrx_word' id='word_1_241' title='bbox 1320 3466 1546 3538; x_wconf 38' lang='lat' dir='ltr'><strong>gnatum</strong></span> <span class='ocrx_word' id='word_1_242' title='bbox 1576 3482 1699 3522; x_wconf 89' lang='lat' dir='ltr'><strong>non</strong></span> <span class='ocrx_word' id='word_1_243' title='bbox 1728 3472 1790 3520; x_wconf 93' lang='lat' dir='ltr'><strong>tu</strong></span> <span class='ocrx_word' id='word_1_244' title='bbox 1813 3484 1830 3534; x_wconf 92' lang='lat'>;</span> <span class='ocrx_word' id='word_1_245' title='bbox 1873 3465 2012 3521; x_wconf 59' lang='lat' dir='ltr'><strong>nem</strong></span> <span class='ocrx_word' id='word_1_246' title='bbox 2041 3472 2142 3521; x_wconf 88' lang='lat' dir='ltr'><strong>tua</strong></span> 
     </span>
     <span class='ocr_line' id='line_1_39' title="bbox 680 3543 2540 3619; baseline -0.001 -1"><span class='ocrx_word' id='word_1_247' title='bbox 680 3560 1063 3619; x_wconf 83' lang='lat' dir='ltr'><strong>Praeterierat</strong></span> <span class='ocrx_word' id='word_1_248' title='bbox 1091 3559 1209 3615; x_wconf 87' lang='lat' dir='ltr'><strong>iam</strong></span> <span class='ocrx_word' id='word_1_249' title='bbox 1236 3558 1316 3616; x_wconf 88' lang='lat' dir='ltr'><strong>ad</strong></span> <span class='ocrx_word' id='word_1_250' title='bbox 1343 3559 1688 3618; x_wconf 74' lang='lat' dir='ltr'><strong>ducendum</strong></span> <span class='ocrx_word' id='word_1_251' title='bbox 1717 3569 1897 3618; x_wconf 70' lang='lat' dir='ltr'><strong>aetaS.</strong></span> <span class='ocrx_word' id='word_1_252' title='bbox 1984 3561 2099 3618; x_wconf 82' lang='lat' dir='ltr'><strong>DE.</strong></span> <span class='ocrx_word' id='word_1_253' title='bbox 2143 3543 2364 3618; x_wconf 78' lang='lat' dir='ltr'><strong>Omnia</strong></span> <span class='ocrx_word' id='word_1_254' title='bbox 2391 3559 2540 3617; x_wconf 88' lang='lat' dir='ltr'><strong>haec</strong></span> 
     </span>
    </p>
   </div>
   <div class='ocr_carea' id='block_1_8' title="bbox 2812 1146 2863 1194">
    <p class='ocr_par' dir='ltr' id='par_1_8' title="bbox 2812 1146 2863 1194">
     <span class='ocr_line' id='line_1_40' title="bbox 2812 1146 2863 1194; baseline 0 0"><span class='ocrx_word' id='word_1_255' title='bbox 2812 1146 2863 1194; x_wconf 87' lang='grc'><strong>55</strong></span> 
     </span>
    </p>
   </div>
   <div class='ocr_carea' id='block_1_9' title="bbox 2811 3486 2865 3536">
    <p class='ocr_par' dir='ltr' id='par_1_9' title="bbox 2811 3486 2865 3536">
     <span class='ocr_line' id='line_1_41' title="bbox 2811 3486 2865 3536; baseline 0.056 -3"><span class='ocrx_word' id='word_1_256' title='bbox 2811 3486 2865 3536; x_wconf 87' lang='grc'><strong>75</strong></span> 
     </span>
    </p>
   </div>
  </div>
 </body>
</html>
