3209 4109
277 226 474 295 i.2.35.]
1348 225 1712 276 PHORMIO.
2725 222 2784 275 11

413 407 528 469 GE.
556 410 712 468 Amo
740 418 820 482 te,
849 415 911 467 et
939 424 1062 467 non
1090 406 1415 466 neclexisse
1445 406 1641 466 habeo
1667 405 1935 483 gratiam.

278 530 302 580 5
413 507 529 566 DA.
560 505 913 565 Praesertim
939 515 1005 564 ut
1032 522 1192 563 nunc
1220 512 1354 564 sunt
1382 507 1614 564 mores:
1660 502 1816 564 adeo
1843 506 1936 564 res
1962 501 2154 565 redit:
2707 505 2786 566 55

558 603 621 664 Si
646 606 778 679 quis
805 602 951 678 quid
978 601 1194 677 reddit,
1225 605 1439 680 magna
1465 600 1797 662 habendast
1823 602 2028 679 gratia.

559 700 677 761 Sed
705 701 873 776 quid
866 709 941 759 tu
970 718 1034 760 es
1060 699 1279 760 tristis?
1359 701 1472 760 GE.
1531 685 1785 776 Egone?
1825 700 2019 760 nescis
2045 718 2168 776 quo
2195 703 2257 760 in
2285 711 2467 775 metu,

560 798 802 874 Quanto
828 802 890 858 in
917 798 1142 875 periclo
1169 801 1348 857 simus
1375 799 1388 858 1
1474 799 1588 858 DA.
1636 796 1799 873 Quid
1829 797 1980 857 istuc
2009 799 2141 858 est?
2221 799 2336 859 GE.
2378 799 2560 896 Scies,

559 896 753 956 Modo
780 898 846 955 ut
874 905 1071 955 tacere
1100 895 1309 972 possis.
1395 896 1511 955 DA.
1553 895 1670 955 Arbi
1698 895 1795 970 εἰς,
1824 895 2115 957 insciens:

559 993 788 1069 Quoius
819 996 881 1053 tu
911 993 1139 1053 fidem
1123 1011 1185 1052 ιιι
1213 993 1468 1069 pecunia
1500 993 1888 1069 perspexeris,
2712 996 2790 1054 60

557 1092 779 1151 Verere
805 1091 991 1151 uerba
1018 1091 1075 1150 ei
1102 1091 1390 1151 credere?
1469 1091 1571 1151 ubi
1603 1089 1750 1168 quid
1778 1091 1922 1151 mihi
1949 1091 2150 1151 luerist

556 1190 646 1249 Te
677 1189 918 1249 fallere?
999 1190 1115 1249 GE.
1159 1190 1320 1266 Ergo
1342 1189 1625 1249 ausculta.
1714 1190 1830 1249 DA.
1874 1191 2055 1248 Hanc
2077 1208 2322 1267 operam
2344 1191 2448 1250 tibi
2470 1189 2628 1250 dico.

411 1287 526 1346 GE.
555 1287 722 1346 Senis
750 1286 953 1368 nostri,
985 1288 1176 1360 Daue,
1206 1287 1444 1346 fratrem
1477 1287 1764 1347 maiorem
1793 1287 2117 1348 Chremem

559 1385 775 1444 Nostin
789 1386 819 1443 Ρ
885 1385 1000 1444 ΒΑ.
1045 1383 1208 1460 Quid
1235 1384 1337 1444 ni?
1404 1386 1518 1445 Gr..
1563 1385 1769 1460 Quid?
1809 1385 1935 1444 eius
1965 1394 2209 1461 gnatum
2242 1385 2634 1445 Phaedriam?

281 1505 331 1555 15
417 1483 533 1542 DA.
560 1483 716 1541 Tam
743 1483 923 1558 quam
953 1492 1034 1542 te.
1117 1482 1232 1542 GE.
1278 1483 1497 1542 Euenit
1525 1483 1766 1543 senibus
1790 1483 2083 1543 ambobus
2109 1483 2283 1542 simul
2714 1485 2791 1543 65

560 1581 686 1639 Iter
713 1579 795 1638 illi
822 1580 883 1639 in
913 1580 1207 1639 Lemnum
1234 1589 1300 1639 ut
1329 1582 1501 1653 esset,
1532 1590 1737 1640 nostro
1764 1580 1827 1640 in
1853 1580 2125 1641 Ciliciam

559 1675 655 1736 Ad
683 1677 981 1754 hospitem
1009 1678 1336 1752 antiquom.
1421 1680 1470 1737 is
1498 1696 1705 1738 senem
1734 1696 1843 1757 per
1871 1679 2149 1755 epistulas

563 1774 829 1849 Pellexit,
858 1774 1044 1834 modo
1072 1792 1195 1834 non
1222 1774 1442 1835 montis
1469 1775 1595 1834 auri
1627 1776 1933 1852 pollicens,

414 1870 529 1931 DA.
562 1870 723 1946 Quoi
750 1874 911 1931 tanta
939 1881 1067 1932 erat
1093 1891 1187 1932 res
1215 1875 1276 1932 et
1305 1875 1652 1949 supererat?
1732 1875 1846 1934 Gn.
1890 1873 2179 1933 Desinas:

561 1969 658 2029 Sic
686 1972 776 2029 est
804 1969 1124 2047 ingenium.
1209 1972 1326 2031 DA.
1370 1970 1487 2045 Oh,
1519 1973 1721 2047 regem
1752 1988 1848 2031 me
1877 1989 2007 2031 esse
2036 1970 2316 2048 oportuit.
2715 1972 2793 2031 70

413 2066 528 2127 GE.
556 2066 859 2127 Abeuntes
887 2069 1068 2129 ambo
1097 2069 1193 2128 hic
1223 2072 1349 2128 tum
1380 2087 1551 2128 senes
1580 2087 1677 2127 me
1707 2069 1840 2128 filiis

559 2165 926 2241 Relinquont
952 2168 1122 2242 quasi
1151 2169 1511 2243 magistrum.
1596 2167 1713 2227 DA.
1757 2166 1815 2227 O
1842 2168 2018 2240 Geta,
2049 2166 2418 2243 prouinciam

560 2263 791 2340 Cepisti
818 2264 1047 2324 duram.
1130 2266 1245 2325 GE.
1283 2263 1460 2344 (with
1490 2283 1531 2323 a
1557 2263 1717 2342 stgh)
1756 2264 1847 2325 Mi
1873 2268 2011 2324 usus
2040 2265 2222 2338 uenit,
2251 2265 2369 2325 hoc
2398 2265 2559 2325 scio:

562 2360 814 2420 Memini
841 2361 1090 2437 relinqui
1120 2364 1216 2421 me
1245 2361 1364 2422 deo
1394 2362 1543 2421 irato
1573 2380 1731 2422 meo,

279 2482 332 2533 25
559 2458 753 2535 Coepi
780 2458 1080 2519 aduorsari
1108 2463 1337 2536 primo:
1384 2459 1530 2535 quid
1559 2460 1755 2519 uerbis
1783 2462 2003 2537 opust?
2531 2485 2538 2494 ·
2713 2461 2749 2520 7
2754 2462 2789 2518 5

560 2557 699 2616 Seni
726 2556 917 2616 fidelis
945 2556 1091 2616 dum
1120 2575 1268 2630 sum,
1302 2557 1570 2634 scapulas
1598 2556 1854 2634 perdidi.

412 2655 529 2713 DA.
555 2654 791 2714 Venere
819 2655 880 2713 in
910 2664 1173 2714 mentem
1203 2656 1281 2713 mi
1317 2658 1535 2715 istaec:
1581 2673 1840 2731 namque
1869 2655 2171 2729 inscitiast,

559 2752 895 2812 Aduersum
926 2752 1224 2812 stimulum
1254 2752 1467 2812 calces.
1552 2754 1667 2812 GE.
1710 2753 1904 2830 Coepi
1933 2753 2017 2812 eis
2046 2752 2250 2812 omnia

562 2851 806 2924 Facere,
836 2851 1085 2927 ebsequi
1113 2869 1265 2927 quae
1294 2851 1533 2910 uellent.
1618 2851 1732 2909 DA.
1776 2850 1949 2910 Scisti
1975 2854 2058 2910 uti
2089 2850 2236 2910 foro.

279 2978 338 3025 30
416 2950 532 3011 Gn.
561 2949 781 3011 Noster
808 2951 945 3009 mali
972 2950 1053 3008 nil
1081 2953 1400 3026 quiequam
1430 2950 1623 3026 primo
1643 2970 1663 3023 3
1705 2948 1804 3008 hic
1840 2950 2151 3028 (pointing
2187 2957 2243 3007 to
2281 2948 2629 3009 CHREMES’S
2710 2950 2788 3008 80

1041 3048 1250 3125 house)
1290 3046 1580 3107 Phaedria

560 3145 864 3207 Continuo
893 3146 1194 3222 quandam
1223 3149 1433 3206 nactus
1461 3155 1552 3205 est
1579 3145 1897 3221 puellulam

560 3243 1008 3317 Citharistriam,
1037 3243 1190 3303 hanc
1219 3246 1419 3304 amare
1447 3244 1652 3320 coepit
1678 3243 1931 3319 perdite.

561 3341 653 3401 Ea
679 3341 972 3401 seruiebat
1000 3342 1198 3401 lenoni
1226 3342 1638 3419 inpurissumO,

562 3439 777 3515 Neque
804 3438 970 3515 quod
998 3437 1236 3498 daretur
1262 3443 1620 3515 quicquam;
1665 3438 1728 3497 id
1757 3440 2030 3497 curarent
2057 3446 2276 3513 patres.

275 3560 330 3612 33
564 3536 849 3596 Restabat
878 3535 1036 3594 aliud
1066 3537 1147 3594 nil
1173 3536 1284 3596 nisi
1313 3536 1517 3596 oculos
1542 3538 1809 3613 pascere,
2707 3533 2788 3593 85
